Timestamp,BuyOrderID,SellOrderID,Symbol,Price,Quantity
88035466236403,5001,598,MSFT,120.40,100
88035466239635,4033,5002,MSFT,124.48,100
88035466240893,5003,594,MSFT,120.46,100
88035466241863,4027,5004,MSFT,124.30,100
88035466242724,5005,600,MSFT,120.57,100
88035466243572,4031,5006,MSFT,125.11,100
88035466244639,5007,602,MSFT,120.67,100
88035466245426,4035,5008,MSFT,125.27,100
88035466246376,5009,592,MSFT,120.70,100
88035466247118,4025,5010,MSFT,124.86,100
88035466248294,5011,596,MSFT,120.85,100
88035466249224,4029,5012,MSFT,124.62,100
88035466249926,5013,590,MSFT,120.87,100
88035466250597,4037,5014,MSFT,124.58,100
88035466251718,5015,488,MSFT,120.94,100
88035466252557,4023,5016,MSFT,124.75,100
88035466253256,5017,490,MSFT,120.98,100
88035466254249,4041,5018,MSFT,125.52,100
88035466255003,5019,492,MSFT,121.02,100
88035466255739,4039,5020,MSFT,126.22,100
88035466256784,5021,612,MSFT,121.06,100
88035466257831,4043,5022,MSFT,125.92,100
88035466258554,5023,686,MSFT,121.08,100
88035466259223,4017,5024,MSFT,125.63,100
88035466259932,5025,604,MSFT,121.08,100
88035466260674,4021,5026,MSFT,125.51,100
88035466261471,5027,494,MSFT,121.13,100
88035466262214,4019,5028,MSFT,125.88,100
88035466262929,5029,618,MSFT,121.15,100
88035466263568,4051,5030,MSFT,126.38,100
88035466264323,5031,496,MSFT,121.18,100
88035466265406,4075,5032,MSFT,126.30,100
88035466266812,5033,616,MSFT,121.20,100
88035466267538,4015,5034,MSFT,126.80,100
88035466268350,5035,486,MSFT,121.24,100
88035466269092,4011,5036,MSFT,127.49,100
88035466270048,5037,484,MSFT,121.28,100
88035466270854,4013,5038,MSFT,127.83,100
88035466271780,5039,502,MSFT,121.29,100
88035466272422,4045,5040,MSFT,128.57,100
88035466273142,5041,690,MSFT,121.29,100
88035466273860,4373,5042,MSFT,128.39,100
88035466275167,5043,620,MSFT,121.31,100
88035466275905,4077,5044,MSFT,128.17,100
88035466276593,5045,622,MSFT,121.33,100
88035466277263,4369,5046,MSFT,127.59,100
88035466278361,5047,588,MSFT,121.36,100
88035466279108,4079,5048,MSFT,128.19,100
88035466279786,5049,498,MSFT,121.42,100
88035466280468,4375,5050,MSFT,127.82,100
88035466281135,5051,628,MSFT,121.45,100
88035466281866,4377,5052,MSFT,128.38,100
88035466282542,5053,508,MSFT,121.47,100
88035466283493,4071,5054,MSFT,128.07,100
88035466284196,5055,610,MSFT,121.48,100
88035466284854,4381,5056,MSFT,127.91,100
88035466285567,5057,684,MSFT,121.48,100
88035466286616,4073,5058,MSFT,128.03,100
88035466287329,5059,470,MSFT,121.50,100
88035466287991,4053,5060,MSFT,128.21,100
88035466288699,5061,624,MSFT,121.51,100
88035466289516,4367,5062,MSFT,127.97,100
88035466290492,5063,476,MSFT,121.53,100
88035466291187,4049,5064,MSFT,128.08,100
88035466291905,5065,614,MSFT,121.53,100
88035466292673,4379,5066,MSFT,128.22,100
88035466293381,5067,626,MSFT,121.53,100
88035466294026,4009,5068,MSFT,127.95,100
88035466295062,5069,606,MSFT,121.55,100
88035466295782,4047,5070,MSFT,128.36,100
88035466296503,5071,688,MSFT,121.55,100
88035466297174,4057,5072,MSFT,128.54,100
88035466297851,5073,506,MSFT,121.56,100
88035466298646,4371,5074,MSFT,128.26,100
88035466299380,5075,478,MSFT,121.61,100
88035466300212,4361,5076,MSFT,128.26,100
88035466300960,5077,608,MSFT,121.63,100
88035466301620,4431,5078,MSFT,128.60,100
88035466302524,5079,692,MSFT,121.64,100
88035466303230,4069,5080,MSFT,128.05,100
88035466304106,5081,630,MSFT,121.65,100
88035466304747,4081,5082,MSFT,127.16,100
88035466305434,5083,480,MSFT,121.68,100
88035466306358,4365,5084,MSFT,127.57,100
88035466307067,5085,632,MSFT,121.69,100
88035466307711,4061,5086,MSFT,127.41,100
88035466308403,5087,504,MSFT,121.71,100
88035466309325,4435,5088,MSFT,128.14,100
88035466309996,5089,482,MSFT,121.71,100
88035466310669,4383,5090,MSFT,127.90,100
88035466311434,5091,694,MSFT,121.77,100
88035466312156,4429,5092,MSFT,127.75,100
88035466312854,5093,500,MSFT,121.77,100
88035466313545,4059,5094,MSFT,128.55,100
88035466315456,5095,466,MSFT,121.78,100
88035466316589,4433,5096,MSFT,127.77,100
88035466317255,5097,680,MSFT,121.82,100
88035466318103,4085,5098,MSFT,127.67,100
88035466318994,5099,562,MSFT,121.82,100
88035466319698,4083,5100,MSFT,128.03,100
88035466320616,5101,464,MSFT,121.83,100
88035466321304,4065,5102,MSFT,128.23,100
88035466321967,5103,586,MSFT,121.84,100
88035466322930,4405,5104,MSFT,128.70,100
88035466323637,5105,682,MSFT,121.85,100
88035466324588,4055,5106,MSFT,128.20,100
88035466325273,5107,512,MSFT,121.87,100
88035466325942,4007,5108,MSFT,128.48,100
88035466326658,5109,468,MSFT,121.89,100
88035466327466,4439,5110,MSFT,128.52,100
88035466328137,5111,474,MSFT,121.90,100
88035466328829,4087,5112,MSFT,128.52,100
88035466329560,5113,558,MSFT,121.90,100
88035466330773,4067,5114,MSFT,128.15,100
88035466331754,5115,472,MSFT,121.91,100
88035466332422,4127,5116,MSFT,127.54,100
88035466333093,5117,636,MSFT,121.93,100
88035466333745,4129,5118,MSFT,127.79,100
88035466334405,5119,510,MSFT,121.93,100
88035466335151,4399,5120,MSFT,127.59,100
88035466335828,5121,638,MSFT,121.99,100
88035466336531,4363,5122,MSFT,127.25,100
88035466337362,5123,518,MSFT,122.01,100
88035466338102,4403,5124,MSFT,127.49,100
88035466339274,5125,564,MSFT,122.01,100
88035466355649,4427,5126,MSFT,128.36,100
88035466359821,5127,696,MSFT,122.04,100
88035466361316,4089,5128,MSFT,128.40,100
88035466362429,5129,678,MSFT,122.04,100
88035466363307,4005,5130,MSFT,128.40,100
88035466364042,5131,670,MSFT,122.04,100
88035466365287,4441,5132,MSFT,128.62,100
88035466366019,5133,530,MSFT,122.10,100
88035466366911,4359,5134,MSFT,128.73,100
88035466367671,5135,672,MSFT,122.12,100
88035466368922,4437,5136,MSFT,128.78,100
88035466369590,5137,560,MSFT,122.15,100
88035466370348,4135,5138,MSFT,128.83,100
88035466371144,5139,634,MSFT,122.17,100
88035466371986,4137,5140,MSFT,129.50,100
88035466372636,5141,676,MSFT,122.22,100
88035466373330,4385,5142,MSFT,129.91,100
88035466374253,5143,534,MSFT,122.23,100
88035466374962,4409,5144,MSFT,129.83,100
88035466375649,5145,514,MSFT,122.24,100
88035466376385,4133,5146,MSFT,129.90,100
88035466377049,5147,640,MSFT,122.27,100
88035466377949,4063,5148,MSFT,129.70,100
88035466378731,5149,566,MSFT,122.29,100
88035466379443,4131,5150,MSFT,130.01,100
88035466380096,5151,528,MSFT,122.29,100
88035466380955,4407,5152,MSFT,130.65,100
88035466381719,5153,556,MSFT,122.29,100
88035466382618,4095,5154,MSFT,131.37,100
88035466383602,5155,462,MSFT,122.30,100
88035466384241,4401,5156,MSFT,131.45,100
88035466384871,5157,698,MSFT,122.31,100
88035466385628,4125,5158,MSFT,131.32,100
88035466386276,5159,536,MSFT,122.31,100
88035466386964,4093,5160,MSFT,131.19,100
88035466387804,5161,584,MSFT,122.32,100
88035466388613,4397,5162,MSFT,130.83,100
88035466389459,5163,582,MSFT,122.37,100
88035466390186,4091,5164,MSFT,130.50,100
88035466391057,5165,544,MSFT,122.39,100
88035466391812,3997,5166,MSFT,130.58,100
88035466392484,5167,516,MSFT,122.39,100
88035466393158,4425,5168,MSFT,130.31,100
88035466393963,5169,542,MSFT,122.39,100
88035466394686,4443,5170,MSFT,130.56,100
88035466395377,5171,520,MSFT,122.40,100
88035466396108,3995,5172,MSFT,130.75,100
88035466396817,5173,546,MSFT,122.44,100
88035466397506,4355,5174,MSFT,130.69,100
88035466398861,5175,668,MSFT,122.44,100
88035466399903,4003,5176,MSFT,131.44,100
88035466400502,5177,568,MSFT,122.48,100
88035466401363,3977,5178,MSFT,131.22,100
88035466402584,5179,580,MSFT,122.51,100
88035466403442,4461,5180,MSFT,131.08,100
88035466404091,5181,576,MSFT,122.51,100
88035466404954,4465,5182,MSFT,131.01,100
88035466406067,5183,540,MSFT,122.52,100
88035466406737,4357,5184,MSFT,130.83,100
88035466407356,5185,538,MSFT,122.54,100
88035466408155,4121,5186,MSFT,130.86,100
88035466408779,5187,674,MSFT,122.54,100
88035466409676,4139,5188,MSFT,130.77,100
88035466410321,5189,532,MSFT,122.54,100
88035466410982,4455,5190,MSFT,130.69,100
88035466411889,5191,666,MSFT,122.54,100
88035466412596,4119,5192,MSFT,130.84,100
88035466413250,5193,554,MSFT,122.55,100
88035466413939,3979,5194,MSFT,130.85,100
88035466414649,5195,578,MSFT,122.57,100
88035466415376,4387,5196,MSFT,130.99,100
88035466416222,5197,648,MSFT,122.57,100
88035466416969,3985,5198,MSFT,131.34,100
88035466417784,5199,704,MSFT,122.59,100
88035466419216,4353,5200,MSFT,130.86,100
88035466419917,5201,460,MSFT,122.59,100
88035466420586,4395,5202,MSFT,131.28,100
88035466421239,5203,524,MSFT,122.63,100
88035466422122,4097,5204,MSFT,131.29,100
88035466422768,5205,574,MSFT,122.65,100
88035466423470,3967,5206,MSFT,131.19,100
88035466424132,5207,700,MSFT,122.66,100
88035466425230,4001,5208,MSFT,131.05,100
88035466425830,5209,642,MSFT,122.68,100
88035466426500,4411,5210,MSFT,131.55,100
88035466427582,5211,646,MSFT,122.70,100
88035466428309,4149,5212,MSFT,132.34,100
88035466428914,5213,522,MSFT,122.72,100
88035466429867,4393,5214,MSFT,132.93,100
88035466430608,5215,550,MSFT,122.75,100
88035466431311,4459,5216,MSFT,133.36,100
88035466431934,5217,570,MSFT,122.75,100
88035466433187,4123,5218,MSFT,133.69,100
88035466433961,5219,548,MSFT,122.79,100
88035466436156,5221,526,MSFT,122.79,100
88035466437028,3975,5222,MSFT,133.76,100
88035466437974,5223,664,MSFT,122.80,100
88035466439508,5225,650,MSFT,122.81,100
88035466440690,3983,5226,MSFT,133.63,100
88035466441880,5227,440,MSFT,122.87,100
88035466442723,4391,5228,MSFT,133.67,100
88035466443420,5229,658,MSFT,122.88,100
88035466445285,5231,652,MSFT,122.89,100
88035466447056,5233,552,MSFT,122.92,100
88035466448441,5235,702,MSFT,122.94,100
88035466449660,4421,5236,MSFT,133.61,100
88035466450406,5237,572,MSFT,122.95,100
88035466451750,5239,452,MSFT,122.98,100
88035466452481,3957,5240,MSFT,133.61,100
88035466453562,5241,660,MSFT,122.98,100
88035466454348,4117,5242,MSFT,133.63,100
88035466455003,5243,458,MSFT,122.99,100
88035466456409,5245,644,MSFT,123.02,100
88035466457732,5247,450,MSFT,123.05,100
88035466458649,4471,5248,MSFT,133.30,100
88035466459322,5249,706,MSFT,123.06,100
88035466460524,3973,5250,MSFT,133.36,100
88035466461332,5251,454,MSFT,123.11,100
88035466462136,4219,5252,MSFT,132.96,100
88035466462795,5253,654,MSFT,123.13,100
88035466463471,4457,5254,MSFT,133.40,100
88035466464269,5255,662,MSFT,123.14,100
88035466465237,3965,5256,MSFT,133.41,100
88035466465921,5257,438,MSFT,123.18,100
88035466467364,5259,434,MSFT,123.23,100
88035466468621,5261,448,MSFT,123.23,100
88035466470070,5263,446,MSFT,123.27,100
88035466471711,5265,656,MSFT,123.30,100
88035466473303,5267,708,MSFT,123.32,100
88035466475121,5269,428,MSFT,123.34,100
88035466476358,5271,442,MSFT,123.34,100
88035466477710,5273,456,MSFT,123.39,100
88035466479662,5275,430,MSFT,123.40,100
88035466480965,5277,710,MSFT,123.48,100
88035466482286,5279,436,MSFT,123.48,100
88035466483494,5281,716,MSFT,123.59,100
88035466484971,5283,712,MSFT,123.63,100
88035466486398,5285,426,MSFT,123.63,100
88035466487601,5287,444,MSFT,123.65,100
88035466489531,5289,728,MSFT,123.66,100
88035466491045,5291,432,MSFT,123.69,100
88035466492380,5293,718,MSFT,123.78,100
88035466493860,5295,724,MSFT,123.80,100
88035466495396,5297,330,MSFT,123.82,100
88035466496818,5299,726,MSFT,123.87,100
88035466498167,5301,722,MSFT,123.88,100
88035466499396,5303,730,MSFT,123.93,100
88035466500709,5305,714,MSFT,123.95,100
88035466502007,5307,420,MSFT,123.96,100
88035466503430,5309,732,MSFT,124.02,100
88035466504699,5311,424,MSFT,124.05,100
88035466506159,5313,720,MSFT,124.07,100
88035466507541,5315,332,MSFT,124.10,100
88035466509233,5317,4920,MSFT,124.20,100
88035466510573,5319,328,MSFT,124.21,100
88035466512104,5321,324,MSFT,124.25,100
88035466512819,3963,5322,MSFT,133.58,100
88035466513822,5323,1688,MSFT,124.26,100
88035466515430,5325,4924,MSFT,124.27,100
88035466516989,5327,422,MSFT,124.29,100
88035466518786,5329,1684,MSFT,124.30,100
88035466520190,5331,1686,MSFT,124.31,100
88035466521526,5333,4918,MSFT,124.31,100
88035466522828,5335,272,MSFT,124.32,100
88035466524377,5337,418,MSFT,124.32,100
88035466526196,5339,4946,MSFT,124.33,100
88035466527503,5341,734,MSFT,124.33,100
88035466529135,5343,270,MSFT,124.41,100
88035466530434,5345,334,MSFT,124.41,100
88035466532146,5347,4978,MSFT,124.42,100
88035466534815,5349,4926,MSFT,124.44,100
88035466536159,5351,336,MSFT,124.45,100
88035466537631,5353,4950,MSFT,124.45,100
88035466539030,5355,274,MSFT,124.47,100
88035466560545,5357,322,MSFT,124.48,100
88035466561982,5359,318,MSFT,124.50,100
88035466563403,5361,326,MSFT,124.53,100
88035466564608,5363,4940,MSFT,124.54,100
88035466565972,5365,4944,MSFT,124.57,100
88035466567244,5367,4914,MSFT,124.58,100
88035466568613,5369,4916,MSFT,124.58,100
88035466569842,5371,748,MSFT,124.60,100
88035466571153,5373,320,MSFT,124.60,100
88035466572402,5375,266,MSFT,124.63,100
88035466577775,5377,276,MSFT,124.64,100
88035466578991,5379,736,MSFT,124.64,100
88035466580315,5381,4922,MSFT,124.65,100
88035466581518,5383,340,MSFT,124.65,100
88035466582712,5385,1710,MSFT,124.68,100
88035466583992,5387,4976,MSFT,124.68,100
88035466585320,5389,416,MSFT,124.69,100
88035466586564,5391,4980,MSFT,124.69,100
88035466608322,5393,1690,MSFT,124.72,100
88035466609653,5395,746,MSFT,124.72,100
88035466610984,5397,1682,MSFT,124.72,100
88035466617556,5399,750,MSFT,124.73,100
88035466618828,5401,262,MSFT,124.74,100
88035466620166,5403,268,MSFT,124.75,100
88035466621307,5405,278,MSFT,124.75,100
88035466622761,5407,4928,MSFT,124.75,100
88035466623945,5409,4948,MSFT,124.77,100
88035466625146,5411,744,MSFT,124.78,100
88035466626717,5413,4974,MSFT,124.78,100
88035466627928,5415,1654,MSFT,124.81,100
88035466629259,5417,4890,MSFT,124.82,100
88035466632958,5419,338,MSFT,124.85,100
88035466634204,5421,4972,MSFT,124.86,100
88035466635452,5423,264,MSFT,124.86,100
88035466636715,5425,412,MSFT,124.87,100
88035466637877,5427,738,MSFT,124.87,100
88035466639352,5429,4912,MSFT,124.90,100
88035466640521,5431,4952,MSFT,124.91,100
88035466641850,5433,1626,MSFT,124.93,100
88035466643296,5435,316,MSFT,124.93,100
88035466644497,5437,4982,MSFT,124.93,100
88035466648206,5439,414,MSFT,124.94,100
88035466649479,5441,292,MSFT,124.94,100
88035466650710,5443,1692,MSFT,124.95,100
88035466651941,5445,4968,MSFT,124.97,100
88035466653769,5447,1678,MSFT,124.98,100
88035466655010,5449,410,MSFT,124.98,100
88035466656340,5451,4942,MSFT,124.99,100
88035466657742,5453,342,MSFT,125.01,100
88035466659187,5455,4892,MSFT,125.01,100
88035466660442,5457,408,MSFT,125.02,100
88035466663738,5459,1708,MSFT,125.02,100
88035466665111,5461,4938,MSFT,125.03,100
88035466666329,5463,4930,MSFT,125.03,100
88035466667561,5465,1630,MSFT,125.04,100
88035466668753,5467,4990,MSFT,125.04,100
88035466670023,5469,280,MSFT,125.05,100
88035466671227,5471,1694,MSFT,125.07,100
88035466672449,5473,1712,MSFT,125.07,100
88035466673664,5475,1680,MSFT,125.08,100
88035466674853,5477,742,MSFT,125.08,100
88035466679167,5479,4970,MSFT,125.09,100
88035466680394,5481,4954,MSFT,125.10,100
88035466681662,5483,4910,MSFT,125.12,100
88035466683145,5485,260,MSFT,125.12,100
88035466685293,5487,1724,MSFT,125.13,100
88035466686647,5489,1656,MSFT,125.13,100
88035466688163,5491,294,MSFT,125.16,100
88035466689353,5493,4886,MSFT,125.17,100
88035466690702,5495,1676,MSFT,125.18,100
88035466692004,5497,740,MSFT,125.18,100
88035466697264,5499,1640,MSFT,125.18,100
88035466698636,5501,4894,MSFT,125.18,100
88035466699921,5503,290,MSFT,125.18,100
88035466701234,5505,1628,MSFT,125.18,100
88035466702559,5507,4888,MSFT,125.19,100
88035466703763,5509,1636,MSFT,125.20,100
88035466705064,5511,4992,MSFT,125.20,100
88035466706324,5513,1674,MSFT,125.20,100
88035466707955,5515,1624,MSFT,125.20,100
88035466709239,5517,286,MSFT,125.21,100
88035466713148,5519,752,MSFT,125.21,100
88035466713969,4413,5520,MSFT,133.52,100
88035466715038,5521,1620,MSFT,125.22,100
88035466716241,3961,5522,MSFT,133.49,100
88035466717152,5523,1646,MSFT,125.23,100
88035466717965,4143,5524,MSFT,133.32,100
88035466718684,5525,4884,MSFT,125.23,100
88035466719398,4141,5526,MSFT,133.06,100
88035466720067,5527,4962,MSFT,125.23,100
88035466720868,3999,5528,MSFT,133.11,100
88035466721730,5529,366,MSFT,125.24,100
88035466722446,4467,5530,MSFT,132.93,100
88035466723217,5531,4896,MSFT,125.24,100
88035466724071,3981,5532,MSFT,132.85,100
88035466724769,5533,4986,MSFT,125.25,100
88035466725674,3993,5534,MSFT,131.97,100
88035466726410,5535,1704,MSFT,125.26,100
88035466727160,4345,5536,MSFT,132.42,100
88035466728418,5537,4958,MSFT,125.26,100
88035466729233,4147,5538,MSFT,131.95,100
88035466730034,5539,282,MSFT,125.26,100
88035466730821,4389,5540,MSFT,131.58,100
88035466731762,5541,3188,MSFT,125.27,100
88035466733753,3959,5542,MSFT,131.95,100
88035466734457,5543,1652,MSFT,125.28,100
88035466735184,4423,5544,MSFT,131.44,100
88035466752897,5545,314,MSFT,125.29,100
88035466753615,4469,5546,MSFT,131.49,100
88035466754258,5547,1648,MSFT,125.29,100
88035466754967,4445,5548,MSFT,130.58,100
88035466755669,5549,1706,MSFT,125.32,100
88035466756476,4463,5550,MSFT,130.45,100
88035466757136,5551,298,MSFT,125.34,100
88035466757799,4109,5552,MSFT,130.81,100
88035466758487,5553,1672,MSFT,125.34,100
88035466759283,4347,5554,MSFT,130.72,100
88035466760073,5555,4984,MSFT,125.35,100
88035466760845,3951,5556,MSFT,130.69,100
88035466761563,5557,1718,MSFT,125.35,100
88035466762350,3971,5558,MSFT,130.93,100
88035466763157,5559,4960,MSFT,125.36,100
88035466763915,3969,5560,MSFT,131.24,100
88035466764592,5561,358,MSFT,125.36,100
88035466765339,3987,5562,MSFT,131.52,100
88035466766126,5563,1714,MSFT,125.37,100
88035466766807,4351,5564,MSFT,131.30,100
88035466767579,5565,1726,MSFT,125.37,100
88035466768398,4453,5566,MSFT,131.42,100
88035466769052,5567,754,MSFT,125.37,100
88035466769820,4339,5568,MSFT,131.57,100
88035466770668,5569,4908,MSFT,125.37,100
88035466771506,4217,5570,MSFT,131.16,100
88035466774015,5571,344,MSFT,125.37,100
88035466774749,4151,5572,MSFT,131.32,100
88035466775442,5573,1622,MSFT,125.39,100
88035466776174,4115,5574,MSFT,131.73,100
88035466776849,5575,406,MSFT,125.39,100
88035466777637,4113,5576,MSFT,131.32,100
88035466778296,5577,1702,MSFT,125.40,100
88035466779133,4099,5578,MSFT,131.88,100
88035466780026,5579,4902,MSFT,125.40,100
88035466780691,3955,5580,MSFT,132.76,100
88035466781384,5581,1696,MSFT,125.41,100
88035466782113,4449,5582,MSFT,132.95,100
88035466782758,5583,1634,MSFT,125.43,100
88035466783444,4145,5584,MSFT,132.54,100
88035466784129,5585,4964,MSFT,125.43,100
88035466784820,4451,5586,MSFT,132.13,100
88035466785470,5587,1642,MSFT,125.44,100
88035466786124,4419,5588,MSFT,132.48,100
88035466786864,5589,1700,MSFT,125.44,100
88035466788389,5591,4966,MSFT,125.45,100
88035466789686,5593,4956,MSFT,125.45,100
88035466792787,5595,4932,MSFT,125.45,100
88035466793554,4473,5596,MSFT,133.28,100
88035466794331,5597,1716,MSFT,125.47,100
88035466795825,5599,374,MSFT,125.48,100
88035466797088,5601,4936,MSFT,125.49,100
88035466798426,5603,3756,MSFT,125.49,100
88035466799695,5605,400,MSFT,125.49,100
88035466800870,5607,1632,MSFT,125.49,100
88035466802156,5609,4988,MSFT,125.50,100
88035466803563,5611,1638,MSFT,125.50,100
88035466804735,5613,1720,MSFT,125.51,100
88035466807754,5615,346,MSFT,125.52,100
88035466809041,5617,236,MSFT,125.52,100
88035466810290,5619,3190,MSFT,125.52,100
88035466811477,5621,4898,MSFT,125.53,100
88035466812630,5623,364,MSFT,125.53,100
88035466813884,5625,1722,MSFT,125.53,100
88035466815082,5627,232,MSFT,125.53,100
88035466816269,5629,348,MSFT,125.54,100
88035466817532,5631,4934,MSFT,125.54,100
88035466818734,5633,1670,MSFT,125.54,100
88035466821538,5635,402,MSFT,125.55,100
88035466822753,5637,296,MSFT,125.55,100
88035466823912,5639,4906,MSFT,125.56,100
88035466825208,5641,3752,MSFT,125.56,100
88035466826570,5643,356,MSFT,125.56,100
88035466827727,5645,3754,MSFT,125.56,100
88035466829057,5647,288,MSFT,125.56,100
88035466830259,5649,230,MSFT,125.57,100
88035466831390,5651,1616,MSFT,125.58,100
88035466832558,5653,1618,MSFT,125.59,100
88035466835770,5655,376,MSFT,125.60,100
88035466836983,5657,1658,MSFT,125.61,100
88035466837676,4415,5658,MSFT,132.92,100
88035466838569,5659,258,MSFT,125.61,100
88035466839458,4221,5660,MSFT,132.43,100
88035466840139,5661,1644,MSFT,125.61,100
88035466840801,4111,5662,MSFT,132.79,100
88035466841537,5663,3196,MSFT,125.61,100
88035466842220,4447,5664,MSFT,132.82,100
88035466842886,5665,284,MSFT,125.61,100
88035466843571,4349,5666,MSFT,132.90,100
88035466844327,5667,378,MSFT,125.62,100
88035466845577,5669,352,MSFT,125.64,100
88035466846853,5671,1728,MSFT,125.64,100
88035466847769,3991,5672,MSFT,132.59,100
88035466848540,5673,4882,MSFT,125.65,100
88035466849260,4171,5674,MSFT,131.85,100
88035466849957,5675,3192,MSFT,125.65,100
88035466850744,4215,5676,MSFT,131.01,100
88035466851579,5677,4994,MSFT,125.66,100
88035466854312,4343,5678,MSFT,130.66,100
88035466855053,5679,360,MSFT,125.66,100
88035466855917,3935,5680,MSFT,130.66,100
88035466856690,5681,300,MSFT,125.67,100
88035466857483,4341,5682,MSFT,130.87,100
88035466858341,5683,310,MSFT,125.67,100
88035466858974,3953,5684,MSFT,130.46,100
88035466859721,5685,380,MSFT,125.67,100
88035466860625,4337,5686,MSFT,130.69,100
88035466861367,5687,1732,MSFT,125.68,100
88035466862127,4107,5688,MSFT,130.45,100
88035466862845,5689,312,MSFT,125.68,100
88035466863548,4103,5690,MSFT,130.34,100
88035466864260,5691,756,MSFT,125.68,100
88035466864987,4101,5692,MSFT,130.34,100
88035466866045,5693,390,MSFT,125.68,100
88035466866785,4105,5694,MSFT,130.01,100
88035466867432,5695,3186,MSFT,125.70,100
88035466868235,4475,5696,MSFT,129.91,100
88035466869072,5697,362,MSFT,125.70,100
88035466869943,4543,5698,MSFT,129.78,100
88035466870728,5699,392,MSFT,125.70,100
88035466871554,3949,5700,MSFT,129.62,100
88035466872376,5701,3200,MSFT,125.71,100
88035466873281,3939,5702,MSFT,129.85,100
88035466874147,5703,1734,MSFT,125.71,100
88035466875095,1039,5704,MSFT,129.63,100
88035466878594,5705,306,MSFT,125.73,100
88035466879457,3989,5706,MSFT,130.49,100
88035466880190,5707,1650,MSFT,125.73,100
88035466881247,4417,5708,MSFT,130.52,100
88035466882188,5709,368,MSFT,125.73,100
88035466882878,4153,5710,MSFT,130.27,100
88035466883568,5711,396,MSFT,125.73,100
88035466884323,4175,5712,MSFT,131.14,100
88035466885134,5713,4998,MSFT,125.74,100
88035466885958,4169,5714,MSFT,131.52,100
88035466886645,5715,350,MSFT,125.76,100
88035466887598,4177,5716,MSFT,131.62,100
88035466888577,5717,3758,MSFT,125.76,100
88035466889248,4545,5718,MSFT,131.20,100
88035466889977,5719,5000,MSFT,125.77,100
88035466890741,4155,5720,MSFT,131.41,100
88035466891476,5721,394,MSFT,125.77,100
88035466892715,1037,5722,MSFT,131.43,100
88035466893403,5723,372,MSFT,125.78,100
88035466894412,4173,5724,MSFT,131.02,100
88035466895214,5725,3178,MSFT,125.78,100
88035466896146,4549,5726,MSFT,130.81,100
88035466896973,5727,304,MSFT,125.78,100
88035466897627,4223,5728,MSFT,131.29,100
88035466898291,5729,354,MSFT,125.81,100
88035466899249,4213,5730,MSFT,131.47,100
88035466900070,5731,1698,MSFT,125.81,100
88035466906654,2221,5732,MSFT,131.72,100
88035466907676,5733,404,MSFT,125.81,100
88035466908314,4477,5734,MSFT,130.92,100
88035466909173,5735,1604,MSFT,125.82,100
88035466910651,3937,5736,MSFT,130.94,100
88035466911528,5737,3194,MSFT,125.82,100
88035466912393,3933,5738,MSFT,131.52,100
88035466913334,5739,3750,MSFT,125.82,100
88035466914518,4229,5740,MSFT,132.27,100
88035466915440,5741,398,MSFT,125.83,100
88035466916584,4489,5742,MSFT,132.44,100
88035466917642,5743,228,MSFT,125.84,100
88035466919360,4481,5744,MSFT,132.16,100
88035466920433,5745,3198,MSFT,125.84,100
88035466921740,4231,5746,MSFT,132.25,100
88035466922864,5747,4996,MSFT,125.86,100
88035466923913,4335,5748,MSFT,132.47,100
88035466926526,5749,4900,MSFT,125.86,100
88035466927676,4487,5750,MSFT,132.50,100
88035466929012,5751,3746,MSFT,125.87,100
88035466930107,2219,5752,MSFT,132.08,100
88035466931415,5753,4904,MSFT,125.88,100
88035466985010,1041,5754,MSFT,131.92,100
88035466986856,5755,1662,MSFT,125.89,100
88035466988139,4179,5756,MSFT,132.28,100
88035466989901,5757,3206,MSFT,125.93,100
88035466996920,3947,5758,MSFT,132.34,100
88035466998180,5759,1668,MSFT,125.94,100
88035467000684,5761,1610,MSFT,125.95,100
88035467002884,5763,3174,MSFT,125.96,100
88035467004828,5765,234,MSFT,125.98,100
88035467006516,5767,762,MSFT,125.98,100
88035467009232,5769,4880,MSFT,125.99,100
88035467010796,4159,5770,MSFT,132.57,100
88035467011869,5771,370,MSFT,125.99,100
88035467016112,5773,4878,MSFT,125.99,100
88035467017989,5775,238,MSFT,126.00,100
88035467019827,5777,3744,MSFT,126.01,100
88035467024333,5779,1730,MSFT,126.01,100
88035467026065,5781,1614,MSFT,126.01,100
88035467027703,5783,3202,MSFT,126.01,100
88035467029335,5785,226,MSFT,126.03,100
88035467031091,5787,1736,MSFT,126.05,100
88035467032758,5789,3748,MSFT,126.05,100
88035467033705,4165,5790,MSFT,132.39,100
88035467035107,5791,382,MSFT,126.06,100
88035467036534,2207,5792,MSFT,131.88,100
88035467037566,5793,1660,MSFT,126.06,100
88035467038408,4541,5794,MSFT,131.82,100
88035467039509,5795,3214,MSFT,126.07,100
88035467040465,3941,5796,MSFT,131.31,100
88035467041971,5797,248,MSFT,126.07,100
88035467043276,2205,5798,MSFT,131.04,100
88035467044400,5799,3254,MSFT,126.07,100
88035467045453,4313,5800,MSFT,130.83,100
88035467047054,5801,774,MSFT,126.07,100
88035467052908,3945,5802,MSFT,131.18,100
88035467054598,5803,242,MSFT,126.07,100
88035467055869,2213,5804,MSFT,130.88,100
88035467057164,5805,254,MSFT,126.08,100
88035467058740,2203,5806,MSFT,130.08,100
88035467060268,5807,302,MSFT,126.09,100
88035467061366,2211,5808,MSFT,130.16,100
88035467062767,5809,3216,MSFT,126.10,100
88035467064011,4551,5810,MSFT,130.32,100
88035467065543,5811,256,MSFT,126.10,100
88035467066921,4163,5812,MSFT,130.31,100
88035467068438,5813,3204,MSFT,126.10,100
88035467069899,4547,5814,MSFT,130.44,100
88035467071218,5815,308,MSFT,126.11,100
88035467097550,4503,5816,MSFT,130.47,100
88035467101523,5817,388,MSFT,126.12,100
88035467103516,4167,5818,MSFT,130.08,100
88035467105038,5819,4876,MSFT,126.12,100
88035467106400,4233,5820,MSFT,130.80,100
88035467108423,5821,764,MSFT,126.14,100
88035467110102,4479,5822,MSFT,130.38,100
88035467111389,5823,3184,MSFT,126.14,100
88035467112922,4235,5824,MSFT,130.73,100
88035467114456,5825,3180,MSFT,126.14,100
88035467115495,1035,5826,MSFT,130.48,100
88035467117508,5827,3252,MSFT,126.15,100
88035467119176,4211,5828,MSFT,129.98,100
88035467120142,5829,252,MSFT,126.15,100
88035467121234,4553,5830,MSFT,129.99,100
88035467123212,5831,3210,MSFT,126.16,100
88035467125551,4563,5832,MSFT,130.39,100
88035467126688,5833,1518,MSFT,126.17,100
88035467128106,2217,5834,MSFT,130.26,100
88035467129171,5835,1664,MSFT,126.17,100
88035467130482,4157,5836,MSFT,129.91,100
88035467131685,5837,758,MSFT,126.17,100
88035467133364,4227,5838,MSFT,129.97,100
88035467134665,5839,4866,MSFT,126.18,100
88035467137234,4225,5840,MSFT,129.66,100
88035467138506,5841,4868,MSFT,126.18,100
88035467139987,2225,5842,MSFT,130.49,100
88035467141123,5843,3760,MSFT,126.18,100
88035467142384,4311,5844,MSFT,130.51,100
88035467143480,5845,766,MSFT,126.20,100
88035467144833,4483,5846,MSFT,130.48,100
88035467147784,5847,1606,MSFT,126.21,100
88035467149542,3931,5848,MSFT,130.52,100
88035467151136,5849,3234,MSFT,126.21,100
88035467152372,2223,5850,MSFT,130.72,100
88035467153972,5851,3176,MSFT,126.21,100
88035467155180,4557,5852,MSFT,130.76,100
88035467156286,5853,760,MSFT,126.22,100
88035467158078,4561,5854,MSFT,131.55,100
88035467159002,5855,776,MSFT,126.23,100
88035467160535,4565,5856,MSFT,131.21,100
88035467161537,5857,3742,MSFT,126.25,100
88035467163090,4207,5858,MSFT,131.31,100
88035467164584,5859,1602,MSFT,126.25,100
88035467165869,4325,5860,MSFT,131.62,100
88035467168003,5861,3144,MSFT,126.26,100
88035467169314,4161,5862,MSFT,131.57,100
88035467170672,5863,1744,MSFT,126.27,100
88035467171873,4205,5864,MSFT,132.14,100
88035467173557,5865,4832,MSFT,126.27,100
88035467175236,4491,5866,MSFT,131.54,100
88035467176184,5867,3256,MSFT,126.27,100
88035467177322,4329,5868,MSFT,131.48,100
88035467179517,5869,3218,MSFT,126.27,100
88035467181824,1027,5870,MSFT,131.69,100
88035467183220,5871,772,MSFT,126.27,100
88035467184437,2229,5872,MSFT,131.61,100
88035467185576,5873,1738,MSFT,126.28,100
88035467187883,5875,1550,MSFT,126.28,100
88035467189349,3927,5876,MSFT,132.06,100
88035467190916,5877,3236,MSFT,126.28,100
88035467192394,4497,5878,MSFT,132.13,100
88035467193433,5879,794,MSFT,126.29,100
88035467195359,5881,3146,MSFT,126.30,100
88035467196416,4499,5882,MSFT,131.84,100
88035467197494,5883,1666,MSFT,126.31,100
88035467199525,5885,3150,MSFT,126.31,100
88035467201625,5887,246,MSFT,126.32,100
88035467204249,5889,1750,MSFT,126.33,100
88035467206535,5891,3208,MSFT,126.33,100
88035467211293,5893,3122,MSFT,126.34,100
88035467213259,5895,220,MSFT,126.34,100
88035467215349,5897,3172,MSFT,126.35,100
88035467217381,5899,1612,MSFT,126.36,100
88035467219245,5901,1608,MSFT,126.36,100
88035467220934,5903,222,MSFT,126.36,100
88035467222860,5905,386,MSFT,126.37,100
88035467224936,5907,1598,MSFT,126.38,100
88035467226720,5909,3250,MSFT,126.38,100
88035467228551,5911,1530,MSFT,126.39,100
88035467230417,5913,1520,MSFT,126.39,100
88035467232638,5915,1740,MSFT,126.40,100
88035467234578,5917,1594,MSFT,126.40,100
88035467261164,5919,3212,MSFT,126.41,100
88035467264540,5921,1546,MSFT,126.41,100
88035467266286,5923,3182,MSFT,126.42,100
88035467268361,5925,1764,MSFT,126.42,100
88035467270472,5927,384,MSFT,126.43,100
88035467272604,5929,1458,MSFT,126.44,100
88035467274853,5931,224,MSFT,126.44,100
88035467276644,5933,250,MSFT,126.44,100
88035467278843,5935,3104,MSFT,126.44,100
88035467281048,5937,4830,MSFT,126.45,100
88035467283470,5939,3232,MSFT,126.45,100
88035467285479,5941,3126,MSFT,126.45,100
88035467287301,5943,866,MSFT,126.46,100
88035467289333,5945,768,MSFT,126.46,100
88035467291387,5947,3224,MSFT,126.46,100
88035467293405,5949,4828,MSFT,126.47,100
88035467295202,5951,822,MSFT,126.47,100
88035467297244,5953,1456,MSFT,126.47,100
88035467298784,5955,240,MSFT,126.48,100
88035467300404,5957,3170,MSFT,126.49,100
88035467302750,5959,244,MSFT,126.49,100
88035467305095,5961,3128,MSFT,126.49,100
88035467307969,5963,798,MSFT,126.49,100
88035467309702,5965,4660,MSFT,126.51,100
88035467311812,5967,832,MSFT,126.51,100
88035467313795,5969,1552,MSFT,126.51,100
88035467315668,5971,1742,MSFT,126.52,100
88035467317592,5973,838,MSFT,126.53,100
88035467319529,5975,1506,MSFT,126.53,100
88035467321341,5977,1752,MSFT,126.53,100
88035467323552,5979,1600,MSFT,126.54,100
88035467328813,5981,826,MSFT,126.54,100
88035467330366,5983,824,MSFT,126.54,100
88035467331894,5985,3242,MSFT,126.54,100
88035467333303,5987,1748,MSFT,126.54,100
88035467334733,5989,1746,MSFT,126.54,100
88035467336129,5991,3152,MSFT,126.56,100
88035467337835,5993,3736,MSFT,126.56,100
88035467339513,5995,4874,MSFT,126.57,100
88035467340891,5997,778,MSFT,126.57,100
88035467342140,5999,1548,MSFT,126.58,100
88035467343993,6001,3246,MSFT,126.58,100
88035467345457,6003,4856,MSFT,126.58,100
88035467346902,6005,4864,MSFT,126.59,100
88035467348327,6007,790,MSFT,126.60,100
88035467350007,6009,3740,MSFT,126.60,100
88035467351321,6011,836,MSFT,126.61,100
88035467352660,6013,3168,MSFT,126.61,100
88035467354106,6015,3160,MSFT,126.61,100
88035467355599,6017,3228,MSFT,126.62,100
88035467357521,6019,3734,MSFT,126.62,100
88035467358849,6021,3124,MSFT,126.62,100
88035467360124,6023,1762,MSFT,126.62,100
88035467361611,6025,1754,MSFT,126.63,100
88035467363182,6027,3154,MSFT,126.63,100
88035467364833,6029,834,MSFT,126.63,100
88035467366456,6031,1440,MSFT,126.63,100
88035467367765,6033,1516,MSFT,126.64,100
88035467369257,6035,4872,MSFT,126.64,100
88035467370689,6037,3108,MSFT,126.64,100
88035467372064,6039,1562,MSFT,126.64,100
88035467373439,6041,3762,MSFT,126.64,100
88035467374798,6043,4870,MSFT,126.65,100
88035467376259,6045,3148,MSFT,126.65,100
88035467377633,6047,1508,MSFT,126.66,100
88035467378994,6049,3140,MSFT,126.66,100
88035467380519,6051,1544,MSFT,126.67,100
88035467381991,6053,210,MSFT,126.67,100
88035467383485,6055,3130,MSFT,126.68,100
88035467384866,6057,3142,MSFT,126.68,100
88035467386192,6059,3220,MSFT,126.68,100
88035467387575,6061,4858,MSFT,126.68,100
88035467388925,6063,864,MSFT,126.69,100
88035467390652,6065,3230,MSFT,126.69,100
88035467391928,6067,796,MSFT,126.69,100
88035467393710,6069,1522,MSFT,126.69,100
88035467395238,6071,1528,MSFT,126.69,100
88035467396451,6073,3138,MSFT,126.69,100
88035467397629,6075,4834,MSFT,126.70,100
88035467399034,6077,1914,MSFT,126.70,100
88035467400287,6079,1502,MSFT,126.71,100
88035467401633,6081,3102,MSFT,126.71,100
88035467403129,6083,1500,MSFT,126.72,100
88035467404496,6085,3238,MSFT,126.73,100
88035467405864,6087,770,MSFT,126.73,100
88035467407049,6089,1596,MSFT,126.73,100
88035467408550,6091,3258,MSFT,126.73,100
88035467409965,6093,3222,MSFT,126.74,100
88035467411169,6095,1554,MSFT,126.74,100
88035467412524,6097,1560,MSFT,126.74,100
88035467413895,6099,1462,MSFT,126.74,100
88035467415252,6101,3136,MSFT,126.75,100
88035467416664,6103,792,MSFT,126.75,100
88035467417799,6105,3260,MSFT,126.75,100
88035467419463,6107,1542,MSFT,126.75,100
88035467421007,6109,3240,MSFT,126.77,100
88035467422769,6111,1514,MSFT,126.77,100
88035467424296,6113,3120,MSFT,126.78,100
88035467425645,6115,1756,MSFT,126.78,100
88035467427113,6117,808,MSFT,126.78,100
88035467428474,6119,1534,MSFT,126.78,100
88035467429962,6121,3162,MSFT,126.79,100
88035467431440,6123,3132,MSFT,126.79,100
88035467432840,6125,3106,MSFT,126.80,100
88035467434058,6127,4862,MSFT,126.80,100
88035467435491,6129,1452,MSFT,126.80,100
88035467436816,6131,4702,MSFT,126.80,100
88035467438298,6133,200,MSFT,126.80,100
88035467439514,6135,218,MSFT,126.81,100
88035467440800,6137,1912,MSFT,126.81,100
88035467442555,6139,868,MSFT,126.81,100
88035467443849,6141,4860,MSFT,126.81,100
88035467445444,6143,1466,MSFT,126.82,100
88035467446733,6145,1766,MSFT,126.82,100
88035467448131,6147,1504,MSFT,126.82,100
88035467449752,6149,206,MSFT,126.82,100
88035467450972,6151,3156,MSFT,126.83,100
88035467452412,6153,1510,MSFT,126.84,100
88035467453666,6155,1512,MSFT,126.84,100
88035467455065,6157,800,MSFT,126.84,100
88035467456466,6159,3226,MSFT,126.84,100
88035467458137,6161,4666,MSFT,126.85,100
88035467459808,6163,1918,MSFT,126.85,100
88035467461085,6165,3244,MSFT,126.85,100
88035467462569,6167,3100,MSFT,126.86,100
88035467463982,6169,204,MSFT,126.86,100
88035467465221,6171,1592,MSFT,126.86,100
88035467466675,6173,1532,MSFT,126.86,100
88035467468128,6175,1454,MSFT,126.86,100
88035467469500,6177,830,MSFT,126.87,100
88035467470831,6179,3248,MSFT,126.88,100
88035467472214,6181,1446,MSFT,126.88,100
88035467473541,6183,4826,MSFT,126.88,100
88035467475389,6185,2312,MSFT,126.88,100
88035467476896,6187,3270,MSFT,126.88,100
88035467478367,6189,840,MSFT,126.88,100
88035467479892,6191,212,MSFT,126.89,100
88035467481274,6193,2306,MSFT,126.90,100
88035467482589,6195,196,MSFT,126.90,100
88035467483837,6197,1792,MSFT,126.91,100
88035467485290,6199,1582,MSFT,126.91,100
88035467486471,6201,1524,MSFT,126.91,100
88035467487911,6203,1770,MSFT,126.91,100
88035467489688,6205,1460,MSFT,126.91,100
88035467491063,6207,4662,MSFT,126.92,100
88035467492553,6209,820,MSFT,126.92,100
88035467493743,6211,844,MSFT,126.92,100
88035467495007,6213,4658,MSFT,126.92,100
88035467496247,6215,1442,MSFT,126.92,100
88035467497938,6217,1438,MSFT,126.92,100
88035467499305,6219,870,MSFT,126.93,100
88035467500585,6221,1758,MSFT,126.93,100
88035467502041,6223,3080,MSFT,126.95,100
88035467503255,6225,2316,MSFT,126.95,100
88035467504746,6227,3084,MSFT,126.95,100
88035467506087,6229,858,MSFT,126.96,100
88035467508086,6231,1486,MSFT,126.96,100
88035467509493,6233,828,MSFT,126.96,100
88035467511113,6235,3082,MSFT,126.96,100
88035467512478,6237,3738,MSFT,126.96,100
88035467514006,6239,788,MSFT,126.96,100
88035467515598,6241,1794,MSFT,126.96,100
88035467517257,6243,2308,MSFT,126.97,100
88035467518967,6245,4852,MSFT,126.97,100
88035467520999,6247,1450,MSFT,126.97,100
88035467522754,6249,3732,MSFT,126.98,100
88035467524393,6251,3118,MSFT,126.98,100
88035467526440,6253,1448,MSFT,126.98,100
88035467528168,6255,784,MSFT,126.99,100
88035467529437,6257,1920,MSFT,126.99,100
88035467530910,6259,882,MSFT,127.00,100
88035467532299,6261,1916,MSFT,127.00,100
88035467533701,6263,1760,MSFT,127.00,100
88035467535131,6265,3116,MSFT,127.00,100
88035467537025,6267,806,MSFT,127.01,100
88035467538406,6269,174,MSFT,127.01,100
88035467540008,6271,1910,MSFT,127.01,100
88035467541699,6273,802,MSFT,127.01,100
88035467543214,6275,846,MSFT,127.01,100
88035467544700,6277,1566,MSFT,127.02,100
88035467546176,6279,3570,MSFT,127.03,100
88035467547736,6281,780,MSFT,127.03,100
88035467549033,6283,1570,MSFT,127.03,100
88035467550357,6285,3166,MSFT,127.04,100
88035467551669,6287,1584,MSFT,127.04,100
88035467553048,6289,208,MSFT,127.04,100
88035467554496,6291,3158,MSFT,127.04,100
88035467556014,6293,4644,MSFT,127.04,100
88035467557651,6295,198,MSFT,127.05,100
88035467558977,6297,2314,MSFT,127.05,100
88035467560382,6299,1526,MSFT,127.05,100
88035467561665,6301,1558,MSFT,127.07,100
88035467563059,6303,3110,MSFT,127.07,100
88035467564150,4485,6304,MSFT,132.09,100
88035467565142,6305,1428,MSFT,127.07,100
88035467566043,1045,6306,MSFT,131.50,100
88035467566901,6307,4670,MSFT,127.08,100
88035467567699,4181,6308,MSFT,130.75,100
88035467568514,6309,4668,MSFT,127.08,100
88035467569551,1043,6310,MSFT,131.42,100
88035467570264,6311,3262,MSFT,127.08,100
88035467571137,3825,6312,MSFT,131.96,100
88035467571916,6313,4646,MSFT,127.08,100
88035467573311,6315,4854,MSFT,127.08,100
88035467574909,6317,3094,MSFT,127.09,100
88035467576343,6319,4816,MSFT,127.09,100
88035467577764,6321,1564,MSFT,127.09,100
88035467578562,4191,6322,MSFT,131.64,100
88035467579344,6323,842,MSFT,127.10,100
88035467580134,4539,6324,MSFT,131.49,100
88035467581082,6325,4704,MSFT,127.10,100
88035467581816,4315,6326,MSFT,131.03,100
88035467582595,6327,1498,MSFT,127.11,100
88035467583354,2209,6328,MSFT,131.26,100
88035467584257,6329,3764,MSFT,127.11,100
88035467585036,2201,6330,MSFT,131.78,100
88035467585730,6331,1590,MSFT,127.11,100
88035467586555,3925,6332,MSFT,132.09,100
88035467587768,6333,856,MSFT,127.12,100
88035467589048,6335,782,MSFT,127.12,100
88035467590536,6337,1776,MSFT,127.12,100
88035467592116,6339,214,MSFT,127.13,100
88035467593412,6341,1430,MSFT,127.13,100
88035467594842,6343,1484,MSFT,127.13,100
88035467596270,6345,4696,MSFT,127.14,100
88035467597982,6347,1772,MSFT,127.14,100
88035467599476,6349,862,MSFT,127.14,100
88035467601207,6351,194,MSFT,127.14,100
88035467602755,6353,3722,MSFT,127.14,100
88035467604294,6355,860,MSFT,127.14,100
88035467605755,6357,786,MSFT,127.15,100
88035467607049,6359,3088,MSFT,127.15,100
88035467608918,6361,4642,MSFT,127.16,100
88035467610352,6363,4836,MSFT,127.16,100
88035467611728,6365,810,MSFT,127.16,100
88035467613284,6367,880,MSFT,127.17,100
88035467614874,6369,3268,MSFT,127.17,100
88035467616662,6371,854,MSFT,127.17,100
88035467618007,6373,216,MSFT,127.18,100
88035467619312,6375,1782,MSFT,127.18,100
88035467620849,6377,1536,MSFT,127.18,100
88035467622365,6379,3272,MSFT,127.18,100
88035467623708,6381,3114,MSFT,127.18,100
88035467625151,6383,876,MSFT,127.18,100
88035467626470,6385,812,MSFT,127.18,100
88035467628038,6387,2942,MSFT,127.19,100
88035467628788,4317,6388,MSFT,131.75,100
88035467629509,6389,1434,MSFT,127.19,100
88035467630373,4505,6390,MSFT,130.86,100
88035467631144,6391,4838,MSFT,127.19,100
88035467631853,2197,6392,MSFT,130.18,100
88035467632761,6393,3560,MSFT,127.20,100
88035467633559,4333,6394,MSFT,130.39,100
88035467634382,6395,1464,MSFT,127.20,100
88035467635151,4331,6396,MSFT,130.02,100
88035467636151,6397,4694,MSFT,127.20,100
88035467637156,4569,6398,MSFT,129.69,100
88035467637943,6399,2938,MSFT,127.20,100
88035467638814,4559,6400,MSFT,129.87,100
88035467639605,6401,3098,MSFT,127.20,100
88035467640405,3929,6402,MSFT,129.96,100
88035467641214,6403,814,MSFT,127.21,100
88035467642138,1101,6404,MSFT,130.88,100
88035467642968,6405,1556,MSFT,127.21,100
88035467643806,1057,6406,MSFT,131.24,100
88035467644666,6407,852,MSFT,127.21,100
88035467645496,4189,6408,MSFT,130.57,100
88035467646491,6409,4674,MSFT,127.21,100
88035467647241,4509,6410,MSFT,130.63,100
88035467647960,6411,3730,MSFT,127.22,100
88035467648732,4209,6412,MSFT,130.23,100
88035467649540,6413,2304,MSFT,127.22,100
88035467650226,1031,6414,MSFT,130.29,100
88035467651096,6415,1494,MSFT,127.22,100
88035467651835,3943,6416,MSFT,129.76,100
88035467652585,6417,4664,MSFT,127.22,100
88035467654851,1055,6418,MSFT,130.12,100
88035467655715,6419,1574,MSFT,127.22,100
88035467656487,4571,6420,MSFT,130.03,100
88035467657583,6421,878,MSFT,127.23,100
88035467910457,4237,6422,MSFT,130.04,100
88035467912155,6423,2936,MSFT,127.23,100
88035467913366,4511,6424,MSFT,129.82,100
88035467914195,6425,4700,MSFT,127.23,100
88035467915447,2187,6426,MSFT,130.14,100
88035467916412,6427,1540,MSFT,127.24,100
88035467917116,4495,6428,MSFT,129.88,100
88035467918124,6429,4648,MSFT,127.24,100
88035467918864,2215,6430,MSFT,129.65,100
88035469958305,6431,3290,MSFT,127.24,100
88035469961935,1033,6432,MSFT,129.24,100
88035469963848,6433,1768,MSFT,127.24,100
88035469964821,4327,6434,MSFT,128.92,100
88035469966673,6435,4824,MSFT,127.24,100
88035469968331,1129,6436,MSFT,129.47,100
88035469969548,6437,3134,MSFT,127.24,100
88035469970447,4203,6438,MSFT,129.54,100
88035469971295,6439,3562,MSFT,127.24,100
88035469972757,1063,6440,MSFT,129.93,100
88035469973736,6441,3164,MSFT,127.24,100
88035469974550,1029,6442,MSFT,129.31,100
88035469975496,6443,1588,MSFT,127.25,100
88035469976587,4501,6444,MSFT,128.55,100
88035469978612,6445,3568,MSFT,127.26,100
88035469979843,4555,6446,MSFT,128.51,100
88035469980727,6447,1568,MSFT,127.27,100
88035469981786,1097,6448,MSFT,127.86,100
88035469983149,6449,3720,MSFT,127.28,100
88035469984126,4519,6450,MSFT,128.33,100
88035469984799,6451,202,MSFT,127.28,100
88035469985958,2199,6452,MSFT,127.72,100
88035469987335,6453,912,MSFT,127.28,100
88035469988407,2167,6454,MSFT,128.41,100
88035469989712,6455,872,MSFT,127.28,100
88035469990620,4307,6456,MSFT,128.35,100
88035469991575,6457,4818,MSFT,127.28,100
88035469992612,4567,6458,MSFT,129.01,100
88035469993851,6459,1492,MSFT,127.28,100
88035469994604,3921,6460,MSFT,128.85,100
88035469995708,6461,1922,MSFT,127.28,100
88035469997869,1131,6462,MSFT,128.86,100
88035469998847,6463,190,MSFT,127.29,100
88035469999902,4537,6464,MSFT,128.84,100
88035470001107,6465,4656,MSFT,127.30,100
88035470002009,4199,6466,MSFT,128.84,100
88035470003190,6467,4688,MSFT,127.30,100
88035470004156,2227,6468,MSFT,129.62,100
88035470005261,6469,3112,MSFT,127.30,100
88035470006059,4309,6470,MSFT,130.33,100
88035470008019,6471,4640,MSFT,127.30,100
88035470008786,4493,6472,MSFT,129.70,100
88035470009585,6473,1468,MSFT,127.30,100
88035470011226,4193,6474,MSFT,129.68,100
88035470012140,6475,3726,MSFT,127.31,100
88035470013042,3861,6476,MSFT,129.48,100
88035470014050,6477,3266,MSFT,127.31,100
88035470014822,2233,6478,MSFT,129.97,100
88035470016118,6479,936,MSFT,127.31,100
88035470016803,1123,6480,MSFT,129.62,100
88035470017578,6481,4654,MSFT,127.31,100
88035470018794,2191,6482,MSFT,129.44,100
88035470019671,6483,4684,MSFT,127.32,100
88035470020403,3847,6484,MSFT,129.39,100
88035470022009,6485,148,MSFT,127.32,100
88035470022842,4531,6486,MSFT,129.69,100
88035470023808,6487,1432,MSFT,127.32,100
88035470024646,4201,6488,MSFT,129.46,100
88035470025990,6489,1586,MSFT,127.32,100
88035470026831,4187,6490,MSFT,129.88,100
88035470027634,6491,900,MSFT,127.32,100
88035470028440,1025,6492,MSFT,130.14,100
88035470029625,6493,3086,MSFT,127.32,100
88035470030405,4573,6494,MSFT,130.29,100
88035470031304,6495,134,MSFT,127.32,100
88035470032420,3919,6496,MSFT,130.42,100
88035470033337,6497,906,MSFT,127.32,100
88035470034065,2193,6498,MSFT,129.68,100
88035470034849,6499,172,MSFT,127.33,100
88035470035889,2181,6500,MSFT,129.21,100
88035470036884,6501,1576,MSFT,127.33,100
88035470037824,4535,6502,MSFT,128.80,100
88035470038687,6503,1444,MSFT,127.33,100
88035470039804,2185,6504,MSFT,128.59,100
88035470041141,6505,928,MSFT,127.34,100
88035470041851,1119,6506,MSFT,129.46,100
88035470043634,6507,848,MSFT,127.35,100
88035470044963,4301,6508,MSFT,129.43,100
88035470045798,6509,1958,MSFT,127.35,100
88035470046742,4291,6510,MSFT,128.84,100
88035470047585,6511,3286,MSFT,127.35,100
88035470048365,4579,6512,MSFT,128.54,100
88035470049341,6513,1938,MSFT,127.35,100
88035470050178,2231,6514,MSFT,128.12,100
88035470050915,6515,1790,MSFT,127.35,100
88035470051655,3835,6516,MSFT,127.94,100
88035470052536,6517,4672,MSFT,127.36,100
88035470053314,4321,6518,MSFT,128.48,100
88035470054259,6519,818,MSFT,127.37,100
88035470055275,2171,6520,MSFT,127.75,100
88035470056180,6521,3076,MSFT,127.37,100
88035470056935,3915,6522,MSFT,128.02,100
88035470057743,6523,1778,MSFT,127.37,100
88035470058679,4323,6524,MSFT,127.93,100
88035470059477,6525,1800,MSFT,127.37,100
88035470060326,1047,6526,MSFT,128.58,100
88035470061028,6527,3288,MSFT,127.37,100
88035470061691,4583,6528,MSFT,128.24,100
88035470062581,6529,1796,MSFT,127.37,100
88035470063568,1125,6530,MSFT,127.75,100
88035470064412,6531,2310,MSFT,127.37,100
88035470065697,4247,6532,MSFT,127.93,100
88035470066451,6533,1928,MSFT,127.37,100
88035470067202,3827,6534,MSFT,127.93,100
88035470067937,6535,3724,MSFT,127.37,100
88035470069072,4513,6536,MSFT,127.68,100
88035470069793,6537,144,MSFT,127.38,100
88035470070516,1133,6538,MSFT,126.89,100
88035470071435,6539,2000,MSFT,127.38,100
88035470072208,3859,6540,MSFT,127.81,100
88035470073203,6541,2318,MSFT,127.38,100
88035470074052,4197,6542,MSFT,127.92,100
88035470074799,6543,816,MSFT,127.39,100
88035470075763,3817,6544,MSFT,127.41,100
88035470076694,6545,176,MSFT,127.39,100
88035470077437,4183,6546,MSFT,127.96,100
88035470078166,6547,178,MSFT,127.39,100
88035470079020,4525,6548,MSFT,128.08,100
88035470079940,6549,4850,MSFT,127.39,100
88035470080684,2189,6550,MSFT,128.08,100
88035470081349,6551,1496,MSFT,127.40,100
88035470082176,4297,6552,MSFT,128.13,100
88035470082973,6553,1580,MSFT,127.40,100
88035470083809,3843,6554,MSFT,128.54,100
88035470084705,6555,804,MSFT,127.40,100
88035470085638,2861,6556,MSFT,128.44,100
88035470086399,6557,4692,MSFT,127.40,100
88035470087585,3823,6558,MSFT,128.23,100
88035470088338,6559,3564,MSFT,127.41,100
88035470089038,1117,6560,MSFT,128.30,100
88035470090045,6561,3766,MSFT,127.41,100
88035470090857,2195,6562,MSFT,128.35,100
88035470091508,6563,1436,MSFT,127.41,100
88035470092182,1059,6564,MSFT,127.83,100
88035470092982,6565,3078,MSFT,127.41,100
88035470093790,2119,6566,MSFT,127.33,100
88035470094604,6567,874,MSFT,127.42,100
88035470095295,1099,6568,MSFT,127.40,100
88035470096149,6569,1572,MSFT,127.42,100
88035470097058,4319,6570,MSFT,127.26,100
88035470097819,6571,904,MSFT,127.42,100
88035470098522,1135,6572,MSFT,127.19,100
88035470099300,6573,1488,MSFT,127.42,100
88035470100208,3841,6574,MSFT,127.21,100
88035470101049,6575,914,MSFT,127.43,100
88035470101883,4251,6576,MSFT,126.54,100
88035470102967,6577,1892,MSFT,127.43,100
88035470104024,2109,6578,MSFT,125.90,100
88035470104966,6579,3572,MSFT,127.43,100
88035470105993,1049,6580,MSFT,125.90,100
88035470106865,6581,1538,MSFT,127.44,100
88035470107628,4527,6582,MSFT,126.25,100
88035470108447,6583,4814,MSFT,127.44,100
88035470109237,3845,6584,MSFT,125.98,100
88035470109932,6585,3768,MSFT,127.44,100
88035470110701,1061,6586,MSFT,126.50,100
88035470111675,6587,1482,MSFT,127.45,100
88035470112543,2103,6588,MSFT,126.71,100
88035470113288,6589,1926,MSFT,127.46,100
88035470114109,4305,6590,MSFT,126.68,100
88035470115041,6591,2424,MSFT,127.46,100
88035470115912,4517,6592,MSFT,126.63,100
88035470116631,6593,1478,MSFT,127.47,100
88035470117722,4515,6594,MSFT,127.42,100
88035470118677,6595,4724,MSFT,127.47,100
88035470119515,3923,6596,MSFT,127.83,100
88035470120207,6597,884,MSFT,127.48,100
88035470121022,4243,6598,MSFT,128.32,100
88035470122044,6599,3558,MSFT,127.49,100
88035470123015,4277,6600,MSFT,128.18,100
88035470123895,6601,4822,MSFT,127.49,100
88035470124760,4239,6602,MSFT,128.88,100
88035470125511,6603,1802,MSFT,127.49,100
88035470126265,3873,6604,MSFT,129.09,100
88035470127046,6605,3096,MSFT,127.49,100
88035470144663,2099,6606,MSFT,128.29,100
88035470145538,6607,1908,MSFT,127.49,100
88035470146360,4507,6608,MSFT,128.42,100
88035470147140,6609,850,MSFT,127.50,100
88035470163674,4575,6610,MSFT,127.83,100
88035470168006,6611,146,MSFT,127.50,100
88035470169874,3831,6612,MSFT,127.32,100
88035470171252,6613,132,MSFT,127.50,100
88035470172281,3839,6614,MSFT,126.85,100
88035470173476,6615,930,MSFT,127.50,100
88035470174666,3821,6616,MSFT,126.52,100
88035470175881,6617,3264,MSFT,127.50,100
88035470176856,1103,6618,MSFT,126.52,100
88035470177969,6619,1784,MSFT,127.51,100
88035470178906,4245,6620,MSFT,126.09,100
88035470179942,6621,1426,MSFT,127.52,100
88035470181076,3855,6622,MSFT,125.36,100
88035470183850,3857,6624,MSFT,125.68,100
88035470185035,6625,4820,MSFT,127.52,100
88035470186043,4185,6626,MSFT,125.63,100
88035470188410,4249,6628,MSFT,125.01,100
88035470191100,3511,6630,MSFT,124.58,100
88035470193696,4521,6632,MSFT,124.35,100
88035470198908,4303,6634,MSFT,124.29,100
88035470210983,3849,6636,MSFT,124.33,100
88035470214042,4299,6638,MSFT,124.46,100
88035470246172,4195,6640,MSFT,123.66,100
88035470247924,1095,6642,MSFT,123.59,100
88035470249687,1127,6644,MSFT,123.85,100
88035470251451,1105,6646,MSFT,123.52,100
88035470252979,4261,6648,MSFT,123.72,100
88035470255016,4293,6650,MSFT,123.87,100
88035470256970,3865,6652,MSFT,123.66,100
88035470258505,1053,6654,MSFT,123.97,100
88035470259948,1015,6656,MSFT,123.64,100
88035470261554,2179,6658,MSFT,123.65,100
88035470263091,1065,6660,MSFT,123.22,100
88035470264728,2169,6662,MSFT,122.72,100
88035470266742,3853,6664,MSFT,122.30,100
88035470268963,4241,6666,MSFT,122.96,100
88035470270818,4295,6668,MSFT,123.36,100
88035470272358,1075,6670,MSFT,122.62,100
88035470273851,4581,6672,MSFT,123.01,100
88035470275699,4577,6674,MSFT,122.28,100
88035470277033,3819,6676,MSFT,122.59,100
88035470278936,2165,6678,MSFT,122.20,100
88035470280787,2147,6680,MSFT,121.66,100
88035470283117,3851,6682,MSFT,121.75,100
88035470285662,4271,6684,MSFT,121.86,100
88035470287882,3917,6686,MSFT,122.29,100
88035470289989,2235,6688,MSFT,122.15,100
88035470292029,4253,6690,MSFT,121.38,100
88035470294528,4285,6692,MSFT,120.72,100
88035470296395,1023,6694,MSFT,121.03,100
88035470298011,2121,6696,MSFT,121.46,100
88035470299646,4289,6698,MSFT,121.45,100
88035470301063,2105,6700,MSFT,121.84,100
88035470302508,4523,6702,MSFT,121.45,100
88035470303913,2107,6704,MSFT,121.48,100
88035470305345,3863,6706,MSFT,121.44,100
88035470306642,2183,6708,MSFT,121.64,100
88035470317838,3875,6710,MSFT,121.75,100
88035470319913,4533,6712,MSFT,121.43,100
88035470331082,2175,6714,MSFT,121.84,100
88035470332566,1073,6716,MSFT,122.37,100
88035470334126,1121,6718,MSFT,122.36,100
88035470335483,4529,6720,MSFT,121.89,100
88035470336797,1087,6722,MSFT,121.90,100
88035470338129,3833,6724,MSFT,121.54,100
88035470339457,3837,6726,MSFT,120.80,100
88035470342392,2173,6728,MSFT,120.51,100
88035470382214,2141,6730,MSFT,120.03,100
88035470384156,2863,6732,MSFT,119.99,100
88035470385694,3877,6734,MSFT,119.70,100
88035470387460,1233,6736,MSFT,119.96,100
88035470389210,2095,6738,MSFT,120.39,100
88035470391157,1115,6740,MSFT,120.48,100
88035470392995,4279,6742,MSFT,119.81,100
88035470394916,2117,6744,MSFT,119.71,100
88035470396754,2081,6746,MSFT,119.50,100
88035470398053,2163,6748,MSFT,119.13,100
88035470399701,4269,6750,MSFT,118.99,100
88035470401412,2145,6752,MSFT,119.43,100
88035470402938,3867,6754,MSFT,119.42,100
88035470404485,1137,6756,MSFT,119.10,100
88035470405936,3913,6758,MSFT,119.04,100
88035470407276,4585,6760,MSFT,118.70,100
88035470408601,3815,6762,MSFT,118.37,100
88035470409853,1067,6764,MSFT,118.00,100
88035470411232,1071,6766,MSFT,118.41,100
88035470412611,1077,6768,MSFT,118.69,100
88035470414000,2101,6770,MSFT,118.60,100
88035470415262,4255,6772,MSFT,118.72,100
88035470416606,4265,6774,MSFT,118.49,100
88035470417877,2137,6776,MSFT,118.59,100
88035470419235,3513,6778,MSFT,119.52,100
88035470448165,1113,6780,MSFT,119.32,100
88035470449997,2111,6782,MSFT,118.74,100
88035470451403,1083,6784,MSFT,119.09,100
88035470452913,2097,6786,MSFT,119.73,100
88035470454406,2085,6788,MSFT,120.00,100
88035470455863,2113,6790,MSFT,119.97,100
88035470457697,3829,6792,MSFT,119.65,100
88035470459013,2083,6794,MSFT,120.21,100
88035470467126,2859,6796,MSFT,119.97,100
88035470468529,3869,6798,MSFT,120.60,100
88035470469963,2367,6800,MSFT,120.29,100
88035470471281,2643,6802,MSFT,120.26,100
88035470472787,1107,6804,MSFT,120.22,100
88035470474050,7,6806,MSFT,120.27,100
88035470475796,1051,6808,MSFT,120.77,100
88035470477429,3509,6810,MSFT,121.09,100
88035470478698,1017,6812,MSFT,121.40,100
88035470480305,2149,6814,MSFT,121.71,100
88035470484423,3871,6816,MSFT,122.26,100
88035470485763,3879,6818,MSFT,122.28,100
88035470487036,1093,6820,MSFT,121.67,100
88035470488733,2177,6822,MSFT,121.42,100
88035470490010,2161,6824,MSFT,121.72,100
88035470491403,2135,6826,MSFT,122.36,100
88035470492687,1013,6828,MSFT,122.47,100
88035470494133,2375,6830,MSFT,122.36,100
88035470495691,2879,6832,MSFT,122.99,100
88035470497489,2373,6834,MSFT,123.72,100
88035470501506,1085,6836,MSFT,124.34,100
88035470503522,1235,6838,MSFT,124.80,100
88035470505321,1021,6840,MSFT,125.00,100
88035470506951,2079,6842,MSFT,124.73,100
88035470508784,4275,6844,MSFT,125.05,100
88035470510465,1231,6846,MSFT,124.79,100
88035470512660,2239,6848,MSFT,124.54,100
88035470514311,1145,6850,MSFT,124.83,100
88035470515653,3503,6852,MSFT,125.07,100
88035470517144,4283,6854,MSFT,125.73,100
88035470517941,6855,3284,MSFT,127.52,100
88035470532611,3881,6856,MSFT,126.47,100
88035470533744,6857,3574,MSFT,127.52,100
88035470534532,1,6858,MSFT,126.29,100
88035470535641,6859,940,MSFT,127.52,100
88035470536543,1069,6860,MSFT,126.14,100
88035470537755,6861,1936,MSFT,127.53,100
88035470538602,4273,6862,MSFT,125.36,100
88035470540059,3907,6864,MSFT,125.59,100
88035470541447,1019,6866,MSFT,125.28,100
88035470543275,4259,6868,MSFT,124.55,100
88035470544516,1237,6870,MSFT,124.07,100
88035470545914,2385,6872,MSFT,124.19,100
88035470547216,4263,6874,MSFT,123.98,100
88035470549027,4267,6876,MSFT,123.32,100
88035470552860,1079,6878,MSFT,123.21,100
88035470554460,2123,6880,MSFT,123.32,100
88035470556202,1143,6882,MSFT,123.17,100
88035470557813,4281,6884,MSFT,122.69,100
88035470559184,1089,6886,MSFT,122.73,100
88035470561175,2143,6888,MSFT,123.47,100
88035470562755,2645,6890,MSFT,123.54,100
88035470564399,2091,6892,MSFT,123.20,100
88035470566043,2869,6894,MSFT,123.77,100
88035470567576,4257,6896,MSFT,124.32,100
88035470571155,3887,6898,MSFT,124.32,100
88035470572439,9,6900,MSFT,123.82,100
88035470573819,3911,6902,MSFT,123.28,100
88035470575259,2133,6904,MSFT,124.10,100
88035470576589,2139,6906,MSFT,124.26,100
88035470578147,2853,6908,MSFT,124.08,100
88035470579402,1229,6910,MSFT,123.55,100
88035470580675,1091,6912,MSFT,123.35,100
88035470582402,1111,6914,MSFT,123.53,100
88035470583797,4287,6916,MSFT,123.21,100
88035470587183,2865,6918,MSFT,123.37,100
88035470588971,2237,6920,MSFT,123.56,100
88035470590403,2159,6922,MSFT,123.60,100
88035470591741,2115,6924,MSFT,123.69,100
88035470593111,4587,6926,MSFT,124.38,100
88035470594633,2365,6928,MSFT,124.19,100
88035470596299,2855,6930,MSFT,124.42,100
88035470597666,2371,6932,MSFT,124.27,100
88035470599442,3813,6934,MSFT,124.69,100
88035470600878,3901,6936,MSFT,125.14,100
88035470604985,3883,6938,MSFT,124.97,100
88035470606850,2241,6940,MSFT,125.71,100
88035470608491,2877,6942,MSFT,125.14,100
88035470609963,3909,6944,MSFT,125.15,100
88035470611395,2871,6946,MSFT,125.41,100
88035470612273,6947,2940,MSFT,127.53,100
88035470613061,2077,6948,MSFT,125.30,100
88035470614918,1227,6950,MSFT,124.73,100
88035470617044,2093,6952,MSFT,124.28,100
88035470618475,2873,6954,MSFT,124.11,100
88035470619815,2875,6956,MSFT,124.21,100
88035470623597,2377,6958,MSFT,123.54,100
88035470625009,11,6960,MSFT,123.33,100
88035470626372,1193,6962,MSFT,123.34,100
88035470627895,2369,6964,MSFT,123.06,100
88035470629028,3,6966,MSFT,123.37,100
88035470630687,2845,6968,MSFT,122.83,100
88035470632130,2129,6970,MSFT,123.75,100
88035470633422,1225,6972,MSFT,123.86,100
88035470634597,1139,6974,MSFT,123.57,100
88035470636677,2851,6976,MSFT,123.69,100
88035470639625,2387,6978,MSFT,122.90,100
88035470641135,1241,6980,MSFT,122.53,100
88035470642459,3501,6982,MSFT,122.09,100
88035470644220,3515,6984,MSFT,122.12,100
88035470645524,2089,6986,MSFT,121.30,100
88035470646852,2151,6988,MSFT,121.69,100
88035470648022,2649,6990,MSFT,121.95,100
88035470649472,2247,6992,MSFT,121.50,100
88035470651175,1081,6994,MSFT,121.84,100
88035470652501,2251,6996,MSFT,121.61,100
88035470669988,2857,6998,MSFT,121.68,100
88035470671736,2125,7000,MSFT,121.23,100
88035470673242,3505,7002,MSFT,121.75,100
88035470674769,2383,7004,MSFT,122.28,100
88035470676806,2881,7006,MSFT,122.64,100
88035470679239,1239,7008,MSFT,121.89,100
88035470681531,2849,7010,MSFT,122.38,100
88035470683702,1849,7012,MSFT,122.34,100
88035470685479,2651,7014,MSFT,122.84,100
88035470687658,5,7016,MSFT,122.61,100
88035470704681,1335,7018,MSFT,123.00,100
88035470706668,1109,7020,MSFT,122.77,100
88035470709107,2641,7022,MSFT,122.73,100
88035470711059,2087,7024,MSFT,122.98,100
88035470712775,2127,7026,MSFT,123.26,100
88035470714369,1147,7028,MSFT,122.82,100
88035470715883,2075,7030,MSFT,123.04,100
88035470717382,2723,7032,MSFT,122.36,100
88035470719336,1011,7034,MSFT,122.00,100
88035470720607,2655,7036,MSFT,121.54,100
88035470721954,3903,7038,MSFT,120.89,100
88035470723700,1365,7040,MSFT,120.65,100
88035470725293,2245,7042,MSFT,120.05,100
88035470727357,1207,7044,MSFT,119.22,100
88035470729021,3507,7046,MSFT,118.98,100
88035470730611,1243,7048,MSFT,119.07,100
88035470731962,19,7050,MSFT,118.83,100
88035470733290,23,7052,MSFT,119.34,100
88035470734848,1331,7054,MSFT,119.71,100
88035470736536,1197,7056,MSFT,120.12,100
88035470738113,1141,7058,MSFT,120.06,100
88035470739987,1363,7060,MSFT,119.91,100
88035470741375,2131,7062,MSFT,119.64,100
88035470742764,2155,7064,MSFT,118.94,100
88035470744358,2647,7066,MSFT,119.37,100
88035470745835,2381,7068,MSFT,118.86,100
88035470747178,2249,7070,MSFT,118.56,100
88035470749178,2803,7072,MSFT,118.28,100
88035470750525,2379,7074,MSFT,118.36,100
88035470751861,3905,7076,MSFT,118.00,100
88035470759840,3519,7078,MSFT,118.29,100
88035470761005,2653,7080,MSFT,117.58,100
88035470762428,3885,7082,MSFT,117.31,100
88035470763723,1205,7084,MSFT,117.18,100
88035470765064,2483,7086,MSFT,117.53,100
88035470766375,3889,7088,MSFT,116.68,100
88035470767784,2801,7090,MSFT,116.25,100
88035470799247,1151,7092,MSFT,115.95,100
88035470800408,1223,7094,MSFT,115.74,100
88035470803577,2719,7096,MSFT,115.98,100
88035470804916,13,7098,MSFT,116.03,100
88035470806397,2157,7100,MSFT,116.54,100
88035470807790,1189,7102,MSFT,117.23,100
88035470809385,1341,7104,MSFT,116.81,100
88035470810858,3899,7106,MSFT,117.09,100
88035470812286,2867,7108,MSFT,116.99,100
88035470813441,1195,7110,MSFT,116.39,100
88035470814763,2243,7112,MSFT,116.08,100
88035470816071,1851,7114,MSFT,115.95,100
88035470820757,4589,7116,MSFT,116.08,100
88035470822158,2485,7118,MSFT,116.19,100
88035470823470,2659,7120,MSFT,116.02,100
88035470824807,2733,7122,MSFT,115.89,100
88035470826126,1369,7124,MSFT,115.95,100
88035470827415,2729,7126,MSFT,116.19,100
88035470829037,2883,7128,MSFT,116.30,100
88035470830201,1221,7130,MSFT,116.87,100
88035470831518,2363,7132,MSFT,116.44,100
88035470832790,17,7134,MSFT,116.07,100
88035470836166,3811,7136,MSFT,115.93,100
88035470837542,2727,7138,MSFT,116.38,100
88035470838860,2265,7140,MSFT,117.02,100
88035470840564,2731,7142,MSFT,117.20,100
88035470841894,1377,7144,MSFT,117.09,100
88035470843285,1203,7146,MSFT,116.15,100
88035470844529,21,7148,MSFT,116.00,100
88035470845765,2253,7150,MSFT,116.75,100
88035470847173,2389,7152,MSFT,117.17,100
88035470848444,1191,7154,MSFT,117.76,100
88035470852110,2805,7156,MSFT,117.18,100
88035470854425,1373,7158,MSFT,117.21,100
88035470856096,1149,7160,MSFT,116.82,100
88035470858093,2807,7162,MSFT,117.25,100
88035470859888,2639,7164,MSFT,117.94,100
88035470861710,2725,7166,MSFT,118.07,100
88035470863780,2847,7168,MSFT,117.90,100
88035470865256,1367,7170,MSFT,117.21,100
88035470867209,2153,7172,MSFT,116.87,100
88035470869195,1209,7174,MSFT,116.03,100
88035470873842,1847,7176,MSFT,116.21,100
88035470879880,1257,7178,MSFT,115.81,100
88035470881805,1343,7180,MSFT,115.71,100
88035470883617,3897,7182,MSFT,116.25,100
88035470885493,2843,7184,MSFT,116.88,100
88035470887305,1333,7186,MSFT,116.38,100
88035470889476,1169,7188,MSFT,116.00,100
88035470891302,27,7190,MSFT,115.98,100
88035470893079,1249,7192,MSFT,115.24,100
88035470895024,3499,7194,MSFT,115.30,100
88035470899852,1153,7196,MSFT,115.08,100
88035470901894,1259,7198,MSFT,114.30,100
88035470903571,2481,7200,MSFT,113.60,100
88035470905473,3517,7202,MSFT,113.89,100
88035470907442,1157,7204,MSFT,113.14,100
88035470909457,3891,7206,MSFT,112.96,100
88035470911331,1009,7208,MSFT,113.11,100
88035470913160,1337,7210,MSFT,113.09,100
88035470915127,1361,7212,MSFT,113.26,100
88035470916961,2073,7214,MSFT,112.94,100
88035470921413,2715,7216,MSFT,112.83,100
88035470923230,25,7218,MSFT,112.71,100
88035470924950,1359,7220,MSFT,112.71,100
88035470926691,2065,7222,MSFT,112.75,100
88035470928433,2391,7224,MSFT,112.13,100
88035470930273,3895,7226,MSFT,111.73,100
88035470931944,1167,7228,MSFT,111.08,100
88035470933470,1357,7230,MSFT,110.34,100
88035470934953,1185,7232,MSFT,110.29,100
88035470941108,1845,7234,MSFT,110.28,100
88035470943485,2657,7236,MSFT,110.54,100
88035470945246,1247,7238,MSFT,110.42,100
88035470947296,2393,7240,MSFT,110.31,100
88035470949312,1003,7242,MSFT,109.81,100
88035470951307,2685,7244,MSFT,109.98,100
88035470953223,1199,7246,MSFT,110.02,100
88035471000360,2721,7248,MSFT,110.03,100
88035471002950,1339,7250,MSFT,109.22,100
88035471005242,2669,7252,MSFT,108.81,100
88035471008760,1375,7254,MSFT,108.55,100
88035471011137,2799,7256,MSFT,108.48,100
88035471013042,3521,7258,MSFT,108.19,100
88035471015012,2885,7260,MSFT,107.80,100
88035471017415,2487,7262,MSFT,107.23,100
88035471019119,2687,7264,MSFT,107.15,100
88035471020945,2887,7266,MSFT,106.86,100
88035471022856,2263,7268,MSFT,106.78,100
88035471024842,2717,7270,MSFT,106.93,100
88035471026539,1219,7272,MSFT,106.61,100
88035471028640,1155,7274,MSFT,106.53,100
88035471030923,1245,7276,MSFT,106.77,100
88035471032944,1371,7278,MSFT,107.35,100
88035471034994,3483,7280,MSFT,106.75,100
88035471036988,1329,7282,MSFT,106.66,100
88035471038683,2837,7284,MSFT,107.35,100
88035471040805,1853,7286,MSFT,106.96,100
88035471042807,1383,7288,MSFT,107.41,100
88035471044984,2661,7290,MSFT,107.72,100
88035471046858,2893,7292,MSFT,108.60,100
88035471048939,2683,7294,MSFT,108.75,100
88035471050955,1187,7296,MSFT,108.91,100
88035471052849,1179,7298,MSFT,109.31,100
88035471054647,4591,7300,MSFT,109.85,100
88035471056602,1007,7302,MSFT,109.90,100
88035471058107,1855,7304,MSFT,109.62,100
88035471059499,3497,7306,MSFT,109.89,100
88035471061019,1175,7308,MSFT,109.74,100
88035471062933,15,7310,MSFT,108.94,100
88035471064996,2357,7312,MSFT,108.67,100
88035471067004,2633,7314,MSFT,108.65,100
88035471068791,1345,7316,MSFT,108.63,100
88035471073566,2637,7318,MSFT,109.01,100
88035471075432,2713,7320,MSFT,108.34,100
88035471077253,1215,7322,MSFT,108.22,100
88035471079174,1379,7324,MSFT,108.34,100
88035471080698,2667,7326,MSFT,109.13,100
88035471082787,1211,7328,MSFT,109.33,100
88035471084596,1201,7330,MSFT,108.49,100
88035471086409,3475,7332,MSFT,108.14,100
88035471088140,1159,7334,MSFT,107.89,100
88035471090127,2809,7336,MSFT,107.40,100
88035471092008,1347,7338,MSFT,107.75,100
88035471093869,2841,7340,MSFT,107.46,100
88035471095909,2259,7342,MSFT,107.29,100
88035471097767,2735,7344,MSFT,107.99,100
88035471099758,2359,7346,MSFT,107.79,100
88035471101847,1355,7348,MSFT,107.92,100
88035471103780,2601,7350,MSFT,108.30,100
88035471112484,3523,7352,MSFT,108.03,100
88035471114236,2071,7354,MSFT,107.37,100
88035471115991,2811,7356,MSFT,107.37,100
88035471117444,2361,7358,MSFT,107.50,100
88035471118688,2261,7360,MSFT,106.98,100
88035471139371,3809,7362,MSFT,107.11,100
88035471140762,29,7364,MSFT,107.08,100
88035471142018,2255,7366,MSFT,107.12,100
88035471143282,2827,7368,MSFT,107.45,100
88035471144656,2839,7370,MSFT,107.45,100
88035471146051,2709,7372,MSFT,107.25,100
88035471147421,2981,7374,MSFT,107.07,100
88035471148988,1251,7376,MSFT,107.54,100
88035471150318,1181,7378,MSFT,107.77,100
88035471151630,3481,7380,MSFT,107.50,100
88035471153012,2891,7382,MSFT,107.13,100
88035471154269,2479,7384,MSFT,107.48,100
88035471155485,2267,7386,MSFT,107.81,100
88035471156863,2835,7388,MSFT,107.52,100
88035471158403,1861,7390,MSFT,107.85,100
88035471159735,1255,7392,MSFT,108.22,100
88035471161140,1213,7394,MSFT,107.51,100
88035471162503,999,7396,MSFT,107.91,100
88035471163942,1177,7398,MSFT,108.61,100
88035471165379,1171,7400,MSFT,107.72,100
88035471166622,2789,7402,MSFT,107.84,100
88035471168004,2603,7404,MSFT,107.58,100
88035471169477,2663,7406,MSFT,107.66,100
88035471170827,1183,7408,MSFT,107.72,100
88035471172221,2815,7410,MSFT,107.43,100
88035471173707,2675,7412,MSFT,107.52,100
88035471175029,3493,7414,MSFT,106.98,100
88035471176314,1173,7416,MSFT,107.22,100
88035471177686,2489,7418,MSFT,107.36,100
88035471179037,3477,7420,MSFT,106.68,100
88035471180257,1001,7422,MSFT,106.44,100
88035471181806,2797,7424,MSFT,106.71,100
88035471183111,3893,7426,MSFT,106.58,100
88035471184560,2711,7428,MSFT,106.05,100
88035471186020,2067,7430,MSFT,106.24,100
88035471187236,2063,7432,MSFT,106.51,100
88035471188536,2889,7434,MSFT,106.85,100
88035471190045,1261,7436,MSFT,106.61,100
88035471191332,1389,7438,MSFT,106.35,100
88035471192584,3485,7440,MSFT,106.13,100
88035471193845,997,7442,MSFT,106.00,100
88035471195165,1857,7444,MSFT,106.21,100
88035471196446,3489,7446,MSFT,106.75,100
88035471197713,3035,7448,MSFT,106.18,100
88035471199067,1385,7450,MSFT,105.92,100
88035471200658,995,7452,MSFT,106.42,100
88035471201850,2673,7454,MSFT,107.14,100
88035471203214,1217,7456,MSFT,107.19,100
88035471204501,1005,7458,MSFT,106.32,100
88035471205859,2631,7460,MSFT,106.68,100
88035471207037,2671,7462,MSFT,106.41,100
88035471208259,2257,7464,MSFT,106.00,100
88035471209467,2707,7466,MSFT,106.40,100
88035471211314,2895,7468,MSFT,106.29,100
88035471212735,1381,7470,MSFT,106.16,100
88035471214074,1843,7472,MSFT,106.40,100
88035471215459,1165,7474,MSFT,106.54,100
88035471216801,2039,7476,MSFT,107.16,100
88035471218135,2703,7478,MSFT,107.52,100
88035471219399,2979,7480,MSFT,107.72,100
88035471220660,2689,7482,MSFT,107.98,100
88035471221960,2395,7484,MSFT,108.01,100
88035471223343,2681,7486,MSFT,108.29,100
88035471224694,2697,7488,MSFT,107.98,100
88035471226099,3625,7490,MSFT,107.91,100
88035471227538,3495,7492,MSFT,107.94,100
88035471228847,3473,7494,MSFT,107.94,100
88035471307053,2795,7496,MSFT,107.64,100
88035471308996,4771,7498,MSFT,108.01,100
88035471310694,2699,7500,MSFT,108.48,100
