Timestamp,BuyOrderID,SellOrderID,Symbol,Price,Quantity
88035436546885,3,2,AAPL,149.80,120
88035436555501,3,4,AAPL,149.99,20
88035436557797,7,6,AAPL,149.71,100
88035436559800,9,10,AAPL,149.85,160
88035436560104,7,10,AAPL,149.85,20
88035436561366,11,4,AAPL,149.99,100
88035436563029,13,4,AAPL,149.99,40
88035436563294,13,8,AAPL,150.21,100
88035436564864,15,8,AAPL,150.21,40
88035436565118,15,12,AAPL,150.61,120
88035436566190,15,16,AAPL,150.61,20
88035436570882,17,20,AAPL,150.19,120
88035436571331,19,20,AAPL,150.19,60
88035436573069,19,22,AAPL,149.98,100
88035436573338,21,22,AAPL,149.98,20
88035436575365,21,24,AAPL,149.48,80
88035436575653,23,24,AAPL,149.48,80
88035436577120,25,26,AAPL,149.61,100
88035436578378,25,28,AAPL,149.14,80
88035436578662,23,28,AAPL,149.14,60
88035436580133,5,30,AAPL,149.37,180
88035436581413,1,32,AAPL,148.51,100
88035436581711,27,32,AAPL,148.51,20
88035436583193,27,34,AAPL,148.57,100
88035436583450,29,34,AAPL,148.57,60
88035436584905,29,36,AAPL,148.86,100
88035436586212,31,38,AAPL,148.78,100
88035436586457,35,38,AAPL,148.78,40
88035436590403,35,40,AAPL,148.40,140
88035436590690,37,40,AAPL,148.40,40
88035436593230,37,44,AAPL,148.71,80
88035436594110,45,44,AAPL,148.71,80
88035436596437,45,48,AAPL,148.73,100
88035436598868,47,52,AAPL,147.92,120
88035436600168,43,54,AAPL,148.47,140
88035436600381,49,54,AAPL,148.47,20
88035436601857,49,56,AAPL,147.88,100
88035436603120,49,58,AAPL,147.82,40
88035436603384,41,58,AAPL,147.82,100
88035436607703,39,60,AAPL,147.57,160
88035436608029,55,60,AAPL,147.57,20
88035436609389,55,62,AAPL,148.01,120
88035436610599,63,64,AAPL,148.14,140
88035436610854,55,64,AAPL,148.14,20
88035436612888,67,50,AAPL,148.70,120
88035436614178,69,50,AAPL,148.70,60
88035436614459,69,48,AAPL,148.73,40
88035436614824,69,66,AAPL,148.76,60
88035436616499,71,66,AAPL,148.76,40
88035436616760,71,42,AAPL,148.82,60
88035436618224,73,42,AAPL,148.82,60
88035436618455,73,72,AAPL,148.88,80
88035436619876,75,72,AAPL,148.88,40
88035436620151,75,70,AAPL,148.90,140
88035436621657,77,76,AAPL,148.84,100
88035436621969,77,70,AAPL,148.90,20
88035436623386,79,78,AAPL,148.62,140
88035436623620,79,70,AAPL,148.90,20
88035436625586,81,82,AAPL,148.30,100
88035436625921,65,82,AAPL,148.30,20
88035436627390,65,84,AAPL,147.58,160
88035436665139,55,86,AAPL,147.84,20
88035436665434,51,86,AAPL,147.84,80
88035436666950,51,88,AAPL,147.84,20
88035436667220,33,88,AAPL,147.84,120
88035436668686,33,90,AAPL,148.06,20
88035436668936,87,90,AAPL,148.06,120
88035436670463,53,92,AAPL,147.16,120
88035436671699,53,94,AAPL,147.26,20
88035436671991,89,94,AAPL,147.26,140
88035436673400,89,96,AAPL,147.27,20
88035436673701,57,96,AAPL,147.27,80
88035436677602,57,98,AAPL,147.60,40
88035436677923,59,98,AAPL,147.60,100
88035436683391,59,100,AAPL,147.30,60
88035436683694,83,100,AAPL,147.30,120
88035436686285,83,104,AAPL,147.65,20
88035436686579,61,104,AAPL,147.65,100
88035436688233,91,106,AAPL,147.19,100
88035436689634,85,108,AAPL,147.57,140
88035436690379,109,104,AAPL,147.65,40
88035436690680,109,102,AAPL,147.92,120
88035436692169,111,110,AAPL,147.74,100
88035436692953,85,112,AAPL,147.57,40
88035436693187,99,112,AAPL,147.57,80
88035436696480,99,114,AAPL,146.87,80
88035436696790,103,114,AAPL,146.87,80
88035436698277,103,116,AAPL,146.72,60
88035436698552,105,116,AAPL,146.72,40
88035436699999,105,118,AAPL,146.85,140
88035436701274,97,120,AAPL,146.45,120
88035436701577,101,120,AAPL,146.45,60
88035436703073,101,122,AAPL,147.20,40
88035436703326,107,122,AAPL,147.20,80
88035436704740,107,124,AAPL,147.17,40
88035436704995,123,124,AAPL,147.17,120
88035436708483,125,130,AAPL,147.25,180
88035436709898,131,132,AAPL,147.38,100
88035436710171,127,132,AAPL,147.38,20
88035436712075,135,110,AAPL,147.74,80
88035436712331,135,128,AAPL,147.78,100
88035436731166,137,128,AAPL,147.78,40
88035436731454,137,126,AAPL,147.99,80
88035436733077,139,126,AAPL,147.99,20
88035436733347,139,90,AAPL,148.06,40
88035436733723,139,134,AAPL,148.08,100
88035436735327,141,134,AAPL,148.08,60
88035436735597,141,138,AAPL,148.15,40
88035436737128,143,138,AAPL,148.15,100
88035436738027,143,144,AAPL,147.92,40
88035436739393,133,146,AAPL,147.35,100
88035436740596,133,148,AAPL,147.42,40
88035436740860,145,148,AAPL,147.42,100
88035436742256,145,150,AAPL,147.23,80
88035436742485,149,150,AAPL,147.23,100
88035436743905,149,152,AAPL,146.91,60
88035436744176,127,152,AAPL,146.91,60
88035436745609,127,154,AAPL,146.54,40
88035436745884,129,154,AAPL,146.54,120
88035436747243,129,156,AAPL,146.24,40
88035436747515,123,156,AAPL,146.24,20
88035436747917,113,156,AAPL,146.24,40
88035436749570,113,158,AAPL,146.52,100
88035436749861,147,158,AAPL,146.52,40
88035436751320,147,160,AAPL,147.16,80
88035436751573,95,160,AAPL,147.16,100
88035436755333,163,162,AAPL,147.32,120
88035436756268,163,164,AAPL,147.14,20
88035436756516,95,164,AAPL,147.14,80
88035436756875,93,164,AAPL,147.14,60
88035436758325,165,166,AAPL,147.01,100
88035436760512,167,170,AAPL,147.31,120
88035436760781,169,170,AAPL,147.31,60
88035436762664,173,168,AAPL,147.69,140
88035436764001,175,172,AAPL,147.92,120
88035436764291,175,144,AAPL,147.92,60
88035436765712,177,144,AAPL,147.92,60
88035436765946,177,174,AAPL,147.95,60
88035436767408,179,174,AAPL,147.95,100
88035436767637,179,178,AAPL,148.14,60
88035436769127,181,178,AAPL,148.14,80
88035436769372,181,136,AAPL,148.19,20
88035436770789,183,136,AAPL,148.19,80
88035436771068,183,180,AAPL,148.22,60
88035436772488,185,180,AAPL,148.22,120
88035436772783,185,140,AAPL,148.23,60
88035436775552,187,140,AAPL,148.23,120
88035436780600,189,142,AAPL,148.26,120
88035436780896,189,176,AAPL,148.38,40
88035436782305,191,176,AAPL,148.38,60
88035436782528,191,182,AAPL,148.69,40
88035436783931,193,182,AAPL,148.69,80
88035436784171,193,190,AAPL,148.73,60
88035436786005,195,196,AAPL,148.21,100
88035436790842,195,198,AAPL,147.96,80
88035436791109,197,198,AAPL,147.96,60
88035436792704,197,200,AAPL,147.60,60
88035436792986,199,200,AAPL,147.60,120
88035436794585,199,202,AAPL,147.43,40
88035436795467,203,202,AAPL,147.43,80
88035436796281,203,204,AAPL,147.80,60
88035436797946,207,204,AAPL,147.80,100
88035436798215,207,206,AAPL,147.94,20
88035436799596,209,206,AAPL,147.94,80
88035436799824,209,208,AAPL,148.42,80
88035436802867,211,208,AAPL,148.42,60
88035436804158,213,190,AAPL,148.73,120
88035436804369,213,212,AAPL,148.86,20
88035436805829,215,212,AAPL,148.86,100
88035436806044,215,192,AAPL,148.87,80
88035436807440,217,192,AAPL,148.87,40
88035436807701,217,80,AAPL,148.90,80
88035436809174,219,80,AAPL,148.90,100
88035436809410,219,46,AAPL,148.92,60
88035436810764,221,46,AAPL,148.92,40
88035436810997,221,194,AAPL,148.94,60
88035436812424,223,194,AAPL,148.94,100
88035436812683,223,214,AAPL,149.15,40
88035436814070,225,214,AAPL,149.15,120
88035436814296,225,68,AAPL,149.17,60
88035436815620,227,68,AAPL,149.17,80
88035436815869,227,210,AAPL,149.17,40
88035436817115,229,210,AAPL,149.17,140
88035436817382,229,184,AAPL,149.18,20
88035436818771,231,184,AAPL,149.18,100
88035436819955,233,184,AAPL,149.18,40
88035436820226,233,188,AAPL,149.42,100
88035436821613,235,188,AAPL,149.42,40
88035436821870,235,186,AAPL,149.44,100
88035436823762,235,74,AAPL,149.53,40
88035436825397,237,74,AAPL,149.53,120
88035436826873,239,216,AAPL,149.55,100
88035436827135,239,220,AAPL,149.68,60
88035436828561,241,220,AAPL,149.68,100
88035436829783,243,220,AAPL,149.68,20
88035436830062,243,224,AAPL,150.02,120
88035436831421,245,224,AAPL,150.02,40
88035436831704,245,218,AAPL,150.05,140
88035436833228,247,240,AAPL,150.07,120
88035436834420,249,240,AAPL,150.07,60
88035436834656,249,222,AAPL,150.24,100
88035436836137,251,250,AAPL,150.00,100
88035436837362,253,250,AAPL,150.00,80
88035436837594,253,222,AAPL,150.24,20
88035436837898,253,244,AAPL,150.38,40
88035436839476,255,244,AAPL,150.38,120
88035436839769,255,230,AAPL,150.40,60
88035436841282,257,230,AAPL,150.40,120
88035436842648,259,242,AAPL,150.43,120
88035436842910,259,226,AAPL,150.45,40
88035436844302,261,226,AAPL,150.45,60
88035436844575,261,252,AAPL,150.48,40
88035436847960,263,252,AAPL,150.48,80
88035436848314,263,238,AAPL,150.51,60
88035436849755,265,238,AAPL,150.51,80
88035436850015,265,248,AAPL,150.57,100
88035436851446,267,248,AAPL,150.57,40
88035436851742,267,232,AAPL,150.59,80
88035436853128,269,268,AAPL,150.52,140
88035436853386,269,232,AAPL,150.59,20
88035436858875,271,272,AAPL,149.50,100
88035436859763,273,272,AAPL,149.50,20
88035436861476,273,276,AAPL,149.19,100
88035436862828,273,278,AAPL,148.77,20
88035436863035,275,278,AAPL,148.77,120
88035436864468,275,280,AAPL,148.80,60
88035436864699,277,280,AAPL,148.80,120
88035436866134,281,282,AAPL,148.59,100
88035436866360,211,282,AAPL,148.59,20
88035436867695,283,284,AAPL,148.48,140
88035436867970,211,284,AAPL,148.48,20
88035436869369,285,286,AAPL,148.67,100
88035436872376,285,288,AAPL,148.35,80
88035436872642,279,288,AAPL,148.35,60
88035436874046,279,290,AAPL,148.44,100
88035436874286,289,290,AAPL,148.44,80
88035436875703,289,292,AAPL,148.40,80
88035436876973,291,294,AAPL,148.29,100
88035436878377,293,296,AAPL,147.74,100
88035436879576,293,298,AAPL,147.72,40
88035436879827,287,298,AAPL,147.72,100
88035436881329,287,300,AAPL,148.07,20
88035436882739,295,302,AAPL,147.60,120
88035436883917,295,304,AAPL,147.57,60
88035436884154,299,304,AAPL,147.57,100
88035436885521,299,306,AAPL,147.58,60
88035436885781,297,306,AAPL,147.58,40
88035436887251,297,308,AAPL,147.73,80
88035436887492,205,308,AAPL,147.73,60
88035436891828,205,312,AAPL,147.56,120
88035436893169,309,314,AAPL,147.54,160
88035436894505,301,316,AAPL,147.03,100
88035436895874,307,318,AAPL,146.70,120
88035436896104,303,318,AAPL,146.70,20
88035436897475,303,320,AAPL,147.05,120
88035436897750,305,320,AAPL,147.05,60
88035436899172,305,322,AAPL,146.57,120
88035436900609,311,324,AAPL,146.23,100
88035436900852,315,324,AAPL,146.23,60
88035436902231,315,326,AAPL,146.32,100
88035436903470,315,328,AAPL,146.00,20
88035436903744,171,328,AAPL,146.00,100
88035436904061,201,328,AAPL,146.00,20
88035436905548,201,330,AAPL,146.19,80
88035436905786,169,330,AAPL,146.19,100
88035436907351,165,332,AAPL,145.90,80
88035436907596,93,332,AAPL,145.90,40
88035436909001,93,334,AAPL,146.14,40
88035436909298,313,334,AAPL,146.14,120
88035436913009,313,336,AAPL,146.32,20
88035436913308,151,336,AAPL,146.32,80
88035436914643,151,338,AAPL,146.21,20
88035436914945,317,338,AAPL,146.21,120
88035436916526,319,340,AAPL,146.30,160
88035436916804,153,340,AAPL,146.30,20
88035436918271,153,342,AAPL,146.30,120
88035436919682,321,344,AAPL,146.62,100
88035436920152,121,344,AAPL,146.62,60
88035436921776,345,346,AAPL,146.69,100
88035436922972,345,348,AAPL,146.67,80
88035436923199,121,348,AAPL,146.67,40
88035436923516,161,348,AAPL,146.67,20
88035436925023,349,350,AAPL,146.90,160
88035436926477,161,352,AAPL,146.68,80
88035436926741,115,352,AAPL,146.68,40
88035436928198,115,354,AAPL,146.58,140
88035436928452,159,354,AAPL,146.58,20
88035436929808,355,356,AAPL,146.33,100
88035436931056,355,358,AAPL,146.30,80
88035436931302,159,358,AAPL,146.30,60
88035436932684,159,360,AAPL,146.38,80
88035436932940,353,360,AAPL,146.38,100
88035436937010,361,362,AAPL,146.60,100
88035436937286,353,362,AAPL,146.60,20
88035436943402,363,364,AAPL,146.67,140
88035436945226,367,364,AAPL,146.67,20
88035436945489,367,366,AAPL,146.71,100
88035436946863,369,368,AAPL,146.78,140
88035436947136,369,350,AAPL,146.90,20
88035436949051,371,372,AAPL,146.51,100
88035436949288,353,372,AAPL,146.51,20
88035436951802,373,376,AAPL,146.26,100
88035436952946,377,378,AAPL,146.39,120
88035436953180,373,378,AAPL,146.39,20
88035436954593,373,380,AAPL,146.11,20
88035436954881,375,380,AAPL,146.11,160
88035436956233,375,382,AAPL,146.23,20
88035436956458,347,382,AAPL,146.23,100
88035436957843,347,384,AAPL,146.57,20
88035436958174,359,384,AAPL,146.57,140
88035436961569,385,386,AAPL,146.31,100
88035436962834,385,388,AAPL,146.06,80
88035436963113,359,388,AAPL,146.06,20
88035436963449,157,388,AAPL,146.06,40
88035436965020,157,390,AAPL,145.77,80
88035436965262,379,390,AAPL,145.77,100
88035436966701,379,392,AAPL,145.60,60
88035436966940,343,392,AAPL,145.60,60
88035436968330,343,394,AAPL,145.07,80
88035436968624,117,394,AAPL,145.07,80
88035436970051,117,396,AAPL,144.87,40
88035436970288,327,396,AAPL,144.87,60
88035436979539,327,398,AAPL,144.95,60
88035436979831,383,398,AAPL,144.95,80
88035436981370,383,400,AAPL,144.87,60
88035436981594,119,400,AAPL,144.87,120
88035436982963,119,402,AAPL,144.59,40
88035436983194,351,402,AAPL,144.59,80
88035436984522,351,404,AAPL,143.76,20
88035436984781,341,404,AAPL,143.76,100
88035436985151,323,404,AAPL,143.76,40
88035436986689,323,406,AAPL,144.17,100
88035436988041,339,408,AAPL,143.60,140
88035436989250,339,410,AAPL,143.83,20
88035436989535,365,410,AAPL,143.83,160
88035436993167,365,412,AAPL,143.85,20
88035436993464,155,412,AAPL,143.85,100
88035436994899,155,414,AAPL,144.32,80
88035436995174,389,414,AAPL,144.32,80
88035436996547,389,416,AAPL,143.98,80
88035436996820,387,416,AAPL,143.98,20
88035436998129,387,418,AAPL,143.23,100
88035436998390,337,418,AAPL,143.23,40
88035436999698,337,420,AAPL,143.52,80
88035437000023,381,420,AAPL,143.52,100
88035437001458,335,422,AAPL,143.36,120
88035437002692,335,424,AAPL,143.00,60
88035437002938,329,424,AAPL,143.00,100
88035437004257,329,426,AAPL,143.50,60
88035437004517,391,426,AAPL,143.50,40
88035437005866,391,428,AAPL,143.11,60
88035437006136,357,428,AAPL,143.11,80
88035437007483,357,430,AAPL,142.85,40
88035437007723,325,430,AAPL,142.85,140
88035437009052,325,432,AAPL,142.63,40
88035437009306,333,432,AAPL,142.63,80
88035437010614,333,434,AAPL,142.38,60
88035437010840,331,434,AAPL,142.38,100
88035437012274,393,436,AAPL,142.66,100
88035437016454,393,438,AAPL,142.80,40
88035437016746,395,438,AAPL,142.80,100
88035437018158,395,440,AAPL,143.10,80
88035437018472,401,440,AAPL,143.10,100
88035437020009,397,442,AAPL,142.84,120
88035437021349,399,444,AAPL,142.20,160
88035437022696,413,446,AAPL,142.28,100
88035437029300,413,448,AAPL,142.22,40
88035437029584,403,448,AAPL,142.22,100
88035437031039,403,450,AAPL,142.31,40
88035437031320,407,450,AAPL,142.31,120
88035437031664,405,450,AAPL,142.31,20
88035437033157,405,452,AAPL,142.13,120
88035437034345,405,454,AAPL,142.65,40
88035437034576,415,454,AAPL,142.65,120
88035437035944,415,456,AAPL,142.00,60
88035437036276,421,456,AAPL,142.00,40
88035437037671,421,458,AAPL,141.67,60
88035437037934,409,458,AAPL,141.67,80
88035437039259,409,460,AAPL,142.24,80
88035437039499,411,460,AAPL,142.24,100
88035437041091,417,462,AAPL,142.19,120
88035437042303,423,464,AAPL,142.24,140
88035437042595,429,464,AAPL,142.24,20
88035437045687,429,466,AAPL,141.67,100
88035437046861,429,468,AAPL,141.83,40
88035437047112,419,468,AAPL,141.83,100
88035437048583,419,470,AAPL,141.31,60
88035437048880,427,470,AAPL,141.31,120
88035437050331,425,472,AAPL,141.42,120
88035437051516,425,474,AAPL,141.07,60
88035437051778,439,474,AAPL,141.07,100
88035437053189,439,476,AAPL,141.51,60
88035437053435,431,476,AAPL,141.51,40
88035437054860,431,478,AAPL,142.03,60
88035437055144,441,478,AAPL,142.03,80
88035437056498,441,480,AAPL,141.57,20
88035437056751,447,480,AAPL,141.57,120
88035437057103,453,480,AAPL,141.57,40
88035437058588,453,482,AAPL,141.45,100
88035437058844,435,482,AAPL,141.45,20
88035437060272,435,484,AAPL,141.88,160
88035437061675,433,486,AAPL,142.29,100
88035437062855,433,488,AAPL,142.41,40
88035437063966,489,488,AAPL,142.41,100
88035437064914,489,490,AAPL,142.57,60
88035437068759,443,492,AAPL,142.28,120
88035437069943,443,494,AAPL,141.55,20
88035437070229,491,494,AAPL,141.55,100
88035437070583,437,494,AAPL,141.55,40
88035437072112,437,496,AAPL,142.01,80
88035437072362,445,496,AAPL,142.01,20
88035437073974,445,498,AAPL,141.33,140
88035437075145,445,500,AAPL,141.75,20
88035437075384,461,500,AAPL,141.75,100
88035437075695,455,500,AAPL,141.75,60
88035437077192,455,502,AAPL,141.97,120
88035437078502,503,504,AAPL,142.32,140
88035437079407,505,504,AAPL,142.32,20
88035437080742,507,490,AAPL,142.57,120
88035437082480,505,510,AAPL,142.22,160
88035437084251,513,510,AAPL,142.22,20
88035437084498,513,508,AAPL,142.35,120
88035437090894,515,508,AAPL,142.35,20
88035437091216,515,512,AAPL,142.54,120
88035437091551,515,506,AAPL,142.79,40
88035437093101,517,506,AAPL,142.79,60
88035437093323,517,514,AAPL,142.99,60
88035437094775,519,518,AAPL,142.98,140
88035437095041,519,514,AAPL,142.99,20
88035437096476,521,520,AAPL,142.61,100
88035437099132,523,526,AAPL,142.49,100
88035437100287,523,528,AAPL,141.99,40
88035437100513,527,528,AAPL,141.99,100
88035437101895,527,530,AAPL,141.95,20
88035437102166,487,530,AAPL,141.95,120
88035437102517,511,530,AAPL,141.95,40
88035437103895,511,532,AAPL,141.74,60
88035437104138,485,532,AAPL,141.74,60
88035437105559,485,534,AAPL,141.83,120
88035437105784,525,534,AAPL,141.83,40
88035437111640,525,536,AAPL,141.58,100
88035437112905,525,538,AAPL,141.37,40
88035437115140,533,538,AAPL,141.37,100
88035437116625,533,540,AAPL,141.85,40
88035437116882,501,540,AAPL,141.85,100
88035437117217,463,540,AAPL,141.85,40
88035437118705,463,542,AAPL,140.96,100
88035437118971,509,542,AAPL,140.96,20
88035437120395,509,544,AAPL,140.69,140
88035437120672,531,544,AAPL,140.69,20
88035437122052,531,546,AAPL,141.30,80
88035437122286,449,546,AAPL,141.30,20
88035437123704,449,548,AAPL,141.44,140
88035437125000,465,550,AAPL,141.78,180
88035437126217,477,552,AAPL,141.65,120
88035437127499,459,554,AAPL,140.82,160
88035437128788,493,556,AAPL,141.04,100
88035437129993,493,558,AAPL,140.40,40
88035437130262,529,558,AAPL,140.40,100
88035437131540,529,560,AAPL,140.12,60
88035437131787,451,560,AAPL,140.12,100
88035437132136,539,560,AAPL,140.12,20
88035437133593,539,562,AAPL,141.07,120
88035437134795,539,564,AAPL,141.14,20
88035437137446,549,564,AAPL,141.14,140
88035437138939,549,566,AAPL,141.53,20
88035437139190,495,566,AAPL,141.53,80
88035437140886,495,568,AAPL,141.68,100
88035437141113,479,568,AAPL,141.68,40
88035437142498,569,570,AAPL,141.52,160
88035437142770,479,570,AAPL,141.52,20
88035437144718,573,572,AAPL,142.10,120
88035437146027,575,574,AAPL,142.50,160
88035437146267,575,524,AAPL,142.57,20
88035437147682,577,524,AAPL,142.57,120
88035437148902,579,524,AAPL,142.57,20
88035437149122,579,522,AAPL,142.59,120
88035437149441,579,520,AAPL,142.61,20
88035437150895,581,520,AAPL,142.61,60
88035437151148,581,576,AAPL,142.78,40
88035437152558,583,576,AAPL,142.78,60
88035437152794,583,514,AAPL,142.99,80
88035437154274,585,578,AAPL,143.11,140
88035437154554,585,580,AAPL,143.49,40
88035437155978,587,580,AAPL,143.49,120
88035437157155,589,580,AAPL,143.49,20
88035437160008,589,516,AAPL,143.50,100
88035437161048,589,590,AAPL,143.72,40
88035437162351,591,592,AAPL,143.30,100
88035437164085,595,592,AAPL,143.30,20
88035437164353,595,594,AAPL,143.38,160
88035437166256,597,598,AAPL,143.19,120
88035437166468,593,598,AAPL,143.19,20
88035437168341,601,600,AAPL,143.34,100
88035437169502,603,600,AAPL,143.34,80
88035437170743,605,596,AAPL,143.70,100
88035437171013,605,590,AAPL,143.72,80
88035437172423,607,590,AAPL,143.72,60
88035437172657,607,584,AAPL,143.84,60
88035437174473,603,610,AAPL,143.03,60
88035437174730,609,610,AAPL,143.03,120
88035437178394,609,612,AAPL,143.23,40
88035437179781,593,614,AAPL,142.48,120
88035437180005,611,614,AAPL,142.48,40
88035437181401,611,616,AAPL,142.70,60
88035437181613,599,616,AAPL,142.70,40
88035437183501,619,612,AAPL,143.23,80
88035437183736,619,618,AAPL,143.39,80
88035437185047,621,618,AAPL,143.39,60
88035437185291,621,620,AAPL,143.74,40
88035437186870,623,620,AAPL,143.74,140
88035437188251,625,584,AAPL,143.84,100
88035437188516,625,586,AAPL,143.89,80
88035437195614,627,586,AAPL,143.89,20
88035437195849,627,604,AAPL,143.92,100
88035437197748,629,630,AAPL,143.63,160
88035437199017,631,632,AAPL,142.93,100
88035437199257,599,632,AAPL,142.93,20
88035437200622,599,634,AAPL,142.68,100
88035437200878,617,634,AAPL,142.68,60
88035437204565,617,636,AAPL,141.71,60
88035437204785,613,636,AAPL,141.71,40
88035437206300,613,638,AAPL,142.35,100
88035437206531,633,638,AAPL,142.35,40
88035437207855,639,640,AAPL,142.68,160
88035437208700,641,640,AAPL,142.68,20
88035437209427,641,642,AAPL,143.02,80
88035437210190,643,642,AAPL,143.02,40
88035437211066,643,644,AAPL,142.78,100
88035437211820,645,644,AAPL,142.78,60
88035437213134,647,646,AAPL,143.20,100
88035437213952,647,648,AAPL,143.04,20
88035437214211,645,648,AAPL,143.04,120
88035437216442,649,652,AAPL,143.29,120
88035437217623,649,654,AAPL,142.33,40
88035437217846,651,654,AAPL,142.33,100
88035437218114,653,654,AAPL,142.33,20
88035437219836,653,656,AAPL,141.71,100
88035437221104,653,658,AAPL,142.34,20
88035437221309,633,658,AAPL,142.34,100
88035437224008,615,658,AAPL,142.34,20
88035437226094,661,660,AAPL,143.25,100
88035437227434,663,660,AAPL,143.25,80
88035437227654,663,650,AAPL,143.54,60
88035437229129,665,650,AAPL,143.54,120
88035437229363,665,630,AAPL,143.63,20
88035437229730,665,662,AAPL,143.72,40
88035437231198,667,666,AAPL,143.58,100
88035437231474,667,662,AAPL,143.72,20
88035437232895,669,662,AAPL,143.72,60
88035437233109,669,604,AAPL,143.92,60
88035437233403,669,608,AAPL,143.93,40
88035437235314,671,672,AAPL,143.40,100
88035437236190,673,672,AAPL,143.40,20
88035437237523,675,670,AAPL,143.76,180
88035437238880,677,674,AAPL,143.89,120
88035437239989,679,674,AAPL,143.89,40
88035437240235,679,608,AAPL,143.93,100
88035437240539,679,582,AAPL,144.04,20
88035437242072,681,582,AAPL,144.04,100
88035437243475,683,602,AAPL,144.04,120
88035437243713,683,588,AAPL,144.11,20
88035437266545,685,588,AAPL,144.11,120
88035437266826,685,628,AAPL,144.17,60
88035437268217,687,628,AAPL,144.17,80
88035437268458,687,668,AAPL,144.21,40
88035437270023,689,668,AAPL,144.21,100
88035437270233,689,676,AAPL,144.22,60
88035437271689,691,676,AAPL,144.22,40
88035437271913,691,664,AAPL,144.25,60
88035437273398,693,664,AAPL,144.25,100
88035437273609,693,622,AAPL,144.27,40
88035437275037,695,622,AAPL,144.27,80
88035437275322,695,626,AAPL,144.44,100
88035437276772,697,696,AAPL,144.42,100
88035437277038,697,606,AAPL,144.52,20
88035437278386,699,606,AAPL,144.52,80
88035437278649,699,682,AAPL,144.76,80
88035437280021,701,682,AAPL,144.76,40
88035437280302,701,624,AAPL,144.79,60
88035437281688,703,624,AAPL,144.79,100
88035437281944,703,680,AAPL,144.85,40
88035437283335,705,680,AAPL,144.85,140
88035437283592,705,684,AAPL,144.97,40
88035437285995,709,684,AAPL,144.97,120
88035437286231,709,678,AAPL,145.04,40
88035437295032,707,712,AAPL,144.42,120
88035437296338,713,714,AAPL,144.50,140
88035437297605,711,716,AAPL,143.63,100
88035437298866,715,718,AAPL,143.51,140
88035437299996,715,720,AAPL,143.35,40
88035437300230,673,720,AAPL,143.35,120
88035437300591,719,720,AAPL,143.35,20
88035437302106,719,722,AAPL,143.10,120
88035437304317,719,726,AAPL,143.02,20
88035437304530,717,726,AAPL,143.02,80
88035437309822,731,724,AAPL,143.42,100
88035437310631,729,732,AAPL,143.15,120
88035437312518,735,724,AAPL,143.42,60
88035437312758,735,730,AAPL,143.46,120
88035437314184,737,730,AAPL,143.46,60
88035437314428,737,728,AAPL,143.49,60
88035437315804,739,728,AAPL,143.49,80
88035437316041,739,734,AAPL,143.58,80
88035437317466,741,734,AAPL,143.58,80
88035437317693,741,740,AAPL,143.63,20
88035437320564,729,746,AAPL,143.13,40
88035437320785,717,746,AAPL,143.13,40
88035437321091,745,746,AAPL,143.13,20
88035437323668,747,750,AAPL,142.72,120
88035437323896,745,750,AAPL,142.72,60
88035437325398,745,752,AAPL,142.19,100
88035437325636,727,752,AAPL,142.19,20
88035437329610,727,754,AAPL,141.82,100
88035437329854,749,754,AAPL,141.82,60
88035437331359,749,756,AAPL,141.76,100
88035437332690,725,758,AAPL,142.31,140
88035437333931,725,760,AAPL,142.15,40
88035437334191,733,760,AAPL,142.15,140
88035437335663,743,762,AAPL,141.81,120
88035437337034,743,764,AAPL,141.77,20
88035437337272,723,764,AAPL,141.77,140
88035437338751,721,766,AAPL,141.74,100
88035437340127,659,768,AAPL,142.25,140
88035437342216,659,772,AAPL,142.15,20
88035437342452,769,772,AAPL,142.15,100
88035437343857,769,774,AAPL,141.69,60
88035437344075,771,774,AAPL,141.69,100
88035437345501,615,776,AAPL,141.53,100
88035437346670,615,778,AAPL,142.25,60
88035437349128,751,778,AAPL,142.25,80
88035437351607,751,782,AAPL,142.19,20
88035437351859,781,782,AAPL,142.19,100
88035437354224,783,786,AAPL,142.26,100
88035437354970,787,784,AAPL,142.37,120
88035437356649,783,790,AAPL,141.42,40
88035437356907,759,790,AAPL,141.42,140
88035437358354,759,792,AAPL,141.69,20
88035437358610,763,792,AAPL,141.69,100
88035437360443,795,794,AAPL,142.33,160
88035437360738,795,788,AAPL,142.34,20
88035437362189,797,788,AAPL,142.34,120
88035437379116,799,784,AAPL,142.37,40
88035437379396,799,780,AAPL,142.52,120
88035437383238,801,780,AAPL,142.52,60
88035437383501,801,798,AAPL,142.74,40
88035437384895,803,798,AAPL,142.74,100
88035437385185,803,796,AAPL,142.84,40
88035437386693,805,796,AAPL,142.84,60
88035437386913,805,770,AAPL,143.11,120
88035437388349,807,770,AAPL,143.11,60
88035437388561,807,804,AAPL,143.21,60
88035437389928,809,804,AAPL,143.21,100
88035437390180,809,800,AAPL,143.22,60
88035437391569,811,800,AAPL,143.22,100
88035437392815,813,800,AAPL,143.22,20
88035437393027,813,806,AAPL,143.37,100
88035437393389,813,808,AAPL,143.37,20
88035437395068,815,808,AAPL,143.37,120
88035437395318,815,742,AAPL,143.38,60
88035437400642,817,742,AAPL,143.38,60
88035437400886,817,802,AAPL,143.40,60
88035437402444,819,802,AAPL,143.40,60
88035437402672,819,744,AAPL,143.40,100
88035437404025,821,744,AAPL,143.40,60
88035437405404,823,748,AAPL,143.61,140
88035437406748,825,740,AAPL,143.63,160
88035437406992,825,810,AAPL,143.68,20
88035437411468,827,826,AAPL,143.68,100
88035437411726,827,810,AAPL,143.68,20
88035437413212,829,810,AAPL,143.68,140
88035437413467,829,820,AAPL,143.71,20
88035437414861,831,820,AAPL,143.71,100
88035437416134,833,820,AAPL,143.71,60
88035437417386,835,830,AAPL,143.75,180
88035437418758,837,736,AAPL,143.80,100
88035437418974,837,822,AAPL,143.85,20
88035437420400,839,822,AAPL,143.85,100
88035437420652,839,818,AAPL,143.86,60
88035437422109,841,818,AAPL,143.86,80
88035437422335,841,824,AAPL,143.89,20
88035437423741,843,824,AAPL,143.89,140
88035437425093,845,840,AAPL,143.92,180
88035437426257,833,846,AAPL,143.62,80
88035437428033,849,846,AAPL,143.62,20
88035437428227,849,848,AAPL,143.75,140
88035437431905,851,850,AAPL,143.70,100
88035437433171,853,850,AAPL,143.70,80
88035437433390,853,838,AAPL,143.92,60
88035437434771,855,838,AAPL,143.92,80
88035437435165,855,828,AAPL,143.99,100
88035437436876,857,856,AAPL,143.89,100
88035437437151,857,828,AAPL,143.99,20
88035437438438,859,858,AAPL,143.94,140
88035437438693,859,828,AAPL,143.99,20
88035437440240,861,738,AAPL,144.03,100
88035437442817,865,866,AAPL,143.43,100
88035437443962,865,868,AAPL,143.52,80
88035437445760,871,868,AAPL,143.52,60
88035437445971,871,864,AAPL,143.74,40
88035437450843,873,864,AAPL,143.74,120
88035437451075,873,870,AAPL,143.78,20
88035437452434,875,870,AAPL,143.78,160
88035437452682,875,862,AAPL,143.83,20
88035437454537,847,878,AAPL,143.33,120
88035437454802,869,878,AAPL,143.33,20
88035437456280,869,880,AAPL,143.29,140
88035437456517,863,880,AAPL,143.29,40
88035437458332,883,876,AAPL,143.79,100
88035437458620,883,862,AAPL,143.83,40
88035437459968,885,862,AAPL,143.83,60
88035437460181,885,738,AAPL,144.03,40
88035437460508,885,832,AAPL,144.03,80
88035437462062,887,832,AAPL,144.03,40
88035437462322,887,882,AAPL,144.03,80
88035437463808,889,882,AAPL,144.03,40
88035437464058,889,834,AAPL,144.04,120
88035437465535,891,834,AAPL,144.04,40
88035437465759,891,836,AAPL,144.13,60
88035437468148,895,892,AAPL,144.08,120
88035437468435,895,836,AAPL,144.13,40
88035437468728,895,884,AAPL,144.15,20
88035437473194,897,884,AAPL,144.15,120
88035437474441,899,884,AAPL,144.15,20
88035437474683,899,874,AAPL,144.18,140
88035437476246,901,874,AAPL,144.18,20
88035437476488,901,852,AAPL,144.20,80
88035437477864,903,852,AAPL,144.20,40
88035437478107,903,816,AAPL,144.25,100
88035437479658,905,894,AAPL,144.26,160
88035437479893,905,860,AAPL,144.27,20
88035437481239,907,860,AAPL,144.27,120
88035437487694,909,860,AAPL,144.27,40
88035437487937,909,896,AAPL,144.27,100
88035437488274,909,812,AAPL,144.27,20
88035437489788,911,812,AAPL,144.27,100
88035437491092,913,814,AAPL,144.29,140
88035437492300,915,814,AAPL,144.29,20
88035437492574,915,842,AAPL,144.30,120
88035437492882,915,844,AAPL,144.32,40
88035437494547,917,844,AAPL,144.32,120
88035437496046,919,854,AAPL,144.50,160
88035437497382,921,714,AAPL,144.50,20
88035437497622,921,872,AAPL,144.55,80
88035437499003,923,872,AAPL,144.55,40
88035437499277,923,900,AAPL,144.70,100
88035437503470,925,900,AAPL,144.70,80
88035437503772,925,898,AAPL,144.74,100
88035437505177,927,898,AAPL,144.74,40
88035437505415,927,890,AAPL,144.74,80
88035437506813,929,890,AAPL,144.74,100
88035437507114,929,902,AAPL,144.76,60
88035437508604,931,902,AAPL,144.76,60
88035437508858,931,886,AAPL,144.78,40
88035437510222,933,886,AAPL,144.78,60
88035437510432,933,888,AAPL,144.83,80
88035437511757,935,888,AAPL,144.83,60
88035437511982,935,710,AAPL,144.85,120
88035437513375,937,710,AAPL,144.85,60
88035437513623,937,904,AAPL,144.87,60
88035437515081,939,904,AAPL,144.87,100
88035437515317,939,678,AAPL,145.04,60
88035437516624,941,678,AAPL,145.04,40
88035437516881,941,694,AAPL,145.04,60
88035437518180,943,694,AAPL,145.04,100
88035437518404,943,686,AAPL,145.07,40
88035437520677,947,946,AAPL,144.60,100
88035437520902,947,944,AAPL,144.81,20
88035437525133,949,944,AAPL,144.81,140
88035437525381,949,686,AAPL,145.07,20
88035437526758,951,686,AAPL,145.07,40
88035437527015,951,698,AAPL,145.17,60
88035437529344,955,698,AAPL,145.17,80
88035437529573,955,702,AAPL,145.17,100
88035437531065,957,702,AAPL,145.17,20
88035437531319,957,708,AAPL,145.18,100
88035437532621,959,708,AAPL,145.18,40
88035437532848,959,706,AAPL,145.18,100
88035437533205,959,700,AAPL,145.20,20
88035437534699,961,700,AAPL,145.20,100
88035437535895,963,700,AAPL,145.20,60
88035437536125,963,954,AAPL,145.22,80
88035437537580,965,954,AAPL,145.22,80
88035437537805,965,910,AAPL,145.27,100
88035437539285,967,910,AAPL,145.27,80
88035437539584,967,688,AAPL,145.29,40
88035437540864,969,688,AAPL,145.29,100
88035437541091,969,704,AAPL,145.30,60
88035437542385,971,704,AAPL,145.30,100
88035437543783,973,928,AAPL,145.32,140
88035437547228,975,908,AAPL,145.35,140
88035437547433,975,930,AAPL,145.38,40
88035437548917,977,930,AAPL,145.38,120
88035437550093,979,930,AAPL,145.38,20
88035437550325,979,940,AAPL,145.42,140
88035437551800,981,940,AAPL,145.42,40
88035437552067,981,942,AAPL,145.44,60
88035437553484,983,942,AAPL,145.44,60
88035437553708,983,916,AAPL,145.48,80
88035437555031,985,916,AAPL,145.48,20
88035437555307,985,950,AAPL,145.51,160
88035437556633,987,950,AAPL,145.51,20
88035437556860,987,948,AAPL,145.52,100
88035437558186,989,948,AAPL,145.52,40
88035437558420,989,906,AAPL,145.52,100
88035437558763,989,692,AAPL,145.53,20
88035437566532,991,692,AAPL,145.53,100
88035437567882,993,932,AAPL,145.54,120
88035437568152,993,952,AAPL,145.57,20
88035437569663,995,952,AAPL,145.57,100
88035437569934,995,994,AAPL,145.59,80
88035437571433,997,994,AAPL,145.59,80
88035437571710,997,956,AAPL,145.73,40
88035437574984,999,956,AAPL,145.73,60
88035437575243,999,934,AAPL,145.73,100
88035437576675,1001,934,AAPL,145.73,60
88035437576930,1001,938,AAPL,145.73,40
88035437578265,1003,938,AAPL,145.73,100
88035437578487,1003,1002,AAPL,145.75,40
88035437579812,1005,1002,AAPL,145.75,80
88035437580061,1005,926,AAPL,145.77,100
88035437581514,1007,996,AAPL,145.80,100
88035437581837,1007,918,AAPL,145.83,20
88035437583413,1009,918,AAPL,145.83,120
88035437583678,1009,964,AAPL,145.83,40
88035437585107,1011,964,AAPL,145.83,100
88035437586318,1013,964,AAPL,145.83,20
88035437586537,1013,960,AAPL,145.85,120
88035437587986,1015,960,AAPL,145.85,60
88035437588246,1015,966,AAPL,145.86,100
88035437588610,1015,922,AAPL,145.87,20
88035437590136,1017,922,AAPL,145.87,100
88035437590368,1017,962,AAPL,145.90,20
88035437591923,1019,962,AAPL,145.90,100
88035437592223,1019,690,AAPL,145.90,60
88035437593696,1021,690,AAPL,145.90,100
88035437594907,1023,690,AAPL,145.90,20
88035437595128,1023,912,AAPL,145.92,120
88035437599160,1025,998,AAPL,145.95,140
88035437599473,1025,992,AAPL,146.00,40
88035437603719,1027,992,AAPL,146.00,80
88035437604009,1027,1000,AAPL,146.04,40
88035437605498,1029,1000,AAPL,146.04,140
88035437605734,1029,924,AAPL,146.10,20
88035437607160,1031,924,AAPL,146.10,100
88035437608366,1033,924,AAPL,146.10,40
88035437608571,1033,968,AAPL,146.11,100
88035437609928,1035,968,AAPL,146.11,40
88035437610219,1035,936,AAPL,146.22,100
88035437610531,1035,1004,AAPL,146.27,40
88035437612136,1037,1004,AAPL,146.27,120
88035437613488,1039,990,AAPL,146.28,160
88035437614835,1041,990,AAPL,146.28,20
88035437615073,1041,920,AAPL,146.31,80
88035437616470,1043,920,AAPL,146.31,100
88035437616768,1043,1030,AAPL,146.33,40
88035437618247,1045,1030,AAPL,146.33,140
88035437618519,1045,1024,AAPL,146.34,40
88035437619997,1047,1024,AAPL,146.34,120
88035437621265,1049,988,AAPL,146.40,140
88035437621509,1049,914,AAPL,146.43,20
88035437624766,1051,914,AAPL,146.43,100
88035437626009,1053,914,AAPL,146.43,40
88035437626241,1053,1020,AAPL,146.43,100
88035437627674,1055,1020,AAPL,146.43,80
88035437627903,1055,1028,AAPL,146.43,100
88035437629372,1057,1028,AAPL,146.43,40
88035437629626,1057,984,AAPL,146.46,80
88035437630975,1059,984,AAPL,146.46,80
88035437631199,1059,958,AAPL,146.47,80
88035437632552,1061,958,AAPL,146.47,60
88035437632796,1061,970,AAPL,146.50,40
88035437634170,1063,970,AAPL,146.50,140
88035437635458,1065,982,AAPL,146.53,120
88035437635752,1065,1006,AAPL,146.53,60
88035437637158,1067,1006,AAPL,146.53,40
88035437637418,1067,1022,AAPL,146.57,80
88035437638836,1069,1022,AAPL,146.57,40
88035437639081,1069,1014,AAPL,146.65,120
88035437644340,1071,1014,AAPL,146.65,40
88035437644614,1071,1038,AAPL,146.68,60
88035437645955,1073,1038,AAPL,146.68,80
88035437646187,1073,1008,AAPL,146.68,60
88035437647517,1075,1008,AAPL,146.68,80
88035437647782,1075,980,AAPL,146.73,100
88035437650959,1077,980,AAPL,146.73,80
88035437651229,1077,370,AAPL,146.78,40
88035437652684,1079,370,AAPL,146.78,140
88035437652908,1079,1048,AAPL,146.82,20
88035437654244,1081,1048,AAPL,146.82,100
88035437655471,1083,1048,AAPL,146.82,20
88035437655749,1083,978,AAPL,146.87,120
88035437657136,1085,978,AAPL,146.87,20
88035437657365,1085,1016,AAPL,146.92,100
88035437657752,1085,1026,AAPL,146.92,60
88035437659340,1087,1026,AAPL,146.92,40
88035437659579,1087,1032,AAPL,146.93,80
88035437661047,1089,1032,AAPL,146.93,40
88035437661256,1089,1040,AAPL,146.95,120
88035437662681,1091,1040,AAPL,146.95,60
88035437662911,1091,374,AAPL,146.97,40
88035437664296,1093,374,AAPL,146.97,120
88035437664523,1093,972,AAPL,147.01,20
88035437665868,1095,972,AAPL,147.01,100
88035437666149,1095,1036,AAPL,147.07,80
88035437668102,1097,1098,AAPL,146.13,120
88035437668909,1099,1098,AAPL,146.13,20
88035437669718,1099,1100,AAPL,146.16,140
88035437673235,1103,1102,AAPL,145.88,120
88035437674559,1105,1100,AAPL,146.16,40
88035437674767,1105,1104,AAPL,146.35,140
88035437676179,1107,1104,AAPL,146.35,20
88035437676409,1107,1106,AAPL,146.44,100
88035437677947,1109,1036,AAPL,147.07,20
88035437678177,1109,1096,AAPL,147.09,100
88035437678518,1109,1034,AAPL,147.09,40
88035437680014,1111,1034,AAPL,147.09,100
88035437681184,1113,1034,AAPL,147.09,20
88035437681402,1113,986,AAPL,147.10,100
88035437681727,1113,1108,AAPL,147.11,20
88035437683295,1115,1108,AAPL,147.11,120
88035437683517,1115,974,AAPL,147.14,60
88035437684991,1117,974,AAPL,147.14,100
88035437685237,1117,1094,AAPL,147.18,20
88035437686679,1119,1094,AAPL,147.18,140
88035437686905,1119,1046,AAPL,147.24,20
88035437688269,1121,1046,AAPL,147.24,80
88035437688527,1121,1018,AAPL,147.24,20
88035437690033,1123,1018,AAPL,147.24,120
88035437690282,1123,1054,AAPL,147.29,20
88035437691765,1125,1054,AAPL,147.29,140
88035437692009,1125,1052,AAPL,147.29,40
88035437693366,1127,1052,AAPL,147.29,80
88035437693587,1127,1012,AAPL,147.32,40
88035437696515,1129,1012,AAPL,147.32,80
88035437696754,1129,976,AAPL,147.36,80
88035437698078,1131,976,AAPL,147.36,20
88035437698377,1131,1010,AAPL,147.40,80
88035437699728,1133,1010,AAPL,147.40,100
88035437699956,1133,1090,AAPL,147.46,40
88035437701405,1135,1090,AAPL,147.46,140
88035437701660,1135,1116,AAPL,147.50,40
88035437703048,1137,1116,AAPL,147.50,60
88035437703334,1137,1042,AAPL,147.53,60
88035437705037,1139,1042,AAPL,147.53,60
88035437705267,1139,1050,AAPL,147.55,100
88035437706645,1141,1050,AAPL,147.55,80
88035437706883,1141,1088,AAPL,147.63,20
88035437720603,1143,1088,AAPL,147.63,120
88035437720827,1143,1044,AAPL,147.64,20
88035437722226,1145,1044,AAPL,147.64,140
88035437722484,1145,1092,AAPL,147.66,40
88035437728864,1149,1092,AAPL,147.66,80
88035437729109,1149,1110,AAPL,147.67,80
88035437730524,1151,1110,AAPL,147.67,100
88035437733474,1153,1056,AAPL,147.70,100
88035437733770,1153,310,AAPL,147.89,40
88035437735669,1155,1156,AAPL,147.43,100
88035437742125,1155,1160,AAPL,147.71,80
88035437742964,1161,1160,AAPL,147.71,100
88035437744191,1163,310,AAPL,147.89,140
88035437745396,1165,1164,AAPL,147.77,160
88035437746247,1165,1166,AAPL,147.74,20
88035437747059,1167,1166,AAPL,147.74,80
88035437747326,1167,1162,AAPL,147.90,40
88035437748808,1169,1162,AAPL,147.90,80
88035437749070,1169,1152,AAPL,147.94,80
88035437754558,1175,1170,AAPL,147.74,180
88035437756057,1177,1172,AAPL,147.88,120
88035437757324,1179,1152,AAPL,147.94,40
88035437757560,1179,1112,AAPL,147.94,120
88035437759094,1181,1174,AAPL,147.97,100
88035437760421,1183,1174,AAPL,147.97,60
88035437760629,1183,1146,AAPL,147.97,80
88035437762193,1185,1146,AAPL,147.97,20
88035437762457,1185,1158,AAPL,147.97,140
88035437762754,1185,1154,AAPL,148.00,20
88035437764343,1187,1154,AAPL,148.00,120
88035437765547,1189,1154,AAPL,148.00,20
88035437765790,1189,1148,AAPL,148.01,140
88035437767252,1191,1086,AAPL,148.01,100
88035437768564,1193,1122,AAPL,148.04,120
88035437768818,1193,300,AAPL,148.07,20
88035437770196,1195,300,AAPL,148.07,140
88035437770468,1195,1168,AAPL,148.15,40
88035437771901,1197,1168,AAPL,148.15,100
88035437772140,1197,1118,AAPL,148.20,20
88035437773546,1199,1118,AAPL,148.20,120
88035437773805,1199,1176,AAPL,148.23,40
88035437798822,1201,1204,AAPL,147.72,100
88035437800197,1159,1206,AAPL,147.16,100
88035437801485,1159,1208,AAPL,147.01,60
88035437801708,1147,1208,AAPL,147.01,80
88035437803129,1147,1210,AAPL,146.94,40
88035437803401,1205,1210,AAPL,146.94,140
88035437804860,1205,1212,AAPL,147.07,40
88035437805072,1171,1212,AAPL,147.07,80
88035437806501,1171,1214,AAPL,147.36,20
88035437806717,1157,1214,AAPL,147.36,120
88035437807096,1213,1214,AAPL,147.36,20
88035438921036,1217,1204,AAPL,147.72,60
88035438921606,1217,1202,AAPL,147.77,60
88035438933833,1215,1222,AAPL,147.62,120
88035438935692,1215,1224,AAPL,146.88,60
88035438935976,1221,1224,AAPL,146.88,100
88035438937892,1213,1226,AAPL,147.22,100
88035438939155,1213,1228,AAPL,146.54,20
88035438939466,1219,1228,AAPL,146.54,120
88035438940922,1219,1230,AAPL,146.55,40
88035438941325,1173,1230,AAPL,146.55,140
88035438942733,1207,1232,AAPL,147.21,120
88035438944109,1223,1234,AAPL,146.57,140
88035438944420,1203,1234,AAPL,146.57,20
88035438945886,1203,1236,AAPL,146.68,100
88035438947214,1203,1238,AAPL,145.97,20
88035438947430,1225,1238,AAPL,145.97,120
88035438948716,1225,1240,AAPL,146.36,60
88035438949005,1233,1240,AAPL,146.36,120
88035438950496,1233,1242,AAPL,146.83,20
88035438950796,1229,1242,AAPL,146.83,100
88035438955733,1247,1244,AAPL,147.38,120
88035438956953,1249,1244,AAPL,147.38,40
88035438958278,1251,1248,AAPL,147.50,100
88035438960352,1255,1248,AAPL,147.50,40
88035438960599,1255,1246,AAPL,147.51,100
88035438960999,1255,1254,AAPL,147.54,40
88035438964732,1257,1254,AAPL,147.54,120
88035438966252,1259,1220,AAPL,147.68,160
88035438967703,1261,1220,AAPL,147.68,20
88035438967920,1261,1252,AAPL,147.74,80
88035438969240,1263,1252,AAPL,147.74,40
88035438969504,1263,1202,AAPL,147.77,60
88035438969803,1263,1218,AAPL,147.78,40
88035438970795,1249,1264,AAPL,147.44,120
88035438971631,1265,1264,AAPL,147.44,40
88035438989521,1265,1268,AAPL,147.17,140
88035438990925,1269,1270,AAPL,147.32,160
88035438991661,1271,1270,AAPL,147.32,20
88035438991935,1271,1266,AAPL,147.62,80
88035438993365,1273,1266,AAPL,147.62,20
88035438993676,1273,1272,AAPL,147.66,120
88035438995522,1275,1276,AAPL,147.32,100
88035438996295,1277,1274,AAPL,147.39,120
88035438997020,1275,1278,AAPL,147.15,80
88035438997211,1253,1278,AAPL,147.15,60
88035438998681,1253,1280,AAPL,147.07,80
88035438998954,1267,1280,AAPL,147.07,100
88035439000415,1267,1282,AAPL,146.91,20
88035439000657,1243,1282,AAPL,146.91,100
88035439001997,1243,1284,AAPL,146.77,40
88035439002226,1245,1284,AAPL,146.77,120
88035439004523,1245,1288,AAPL,147.08,60
88035439005720,1229,1290,AAPL,146.76,60
88035439005967,1289,1290,AAPL,146.76,120
88035439009370,1289,1292,AAPL,146.07,40
88035439009633,1235,1292,AAPL,146.07,80
88035439011342,1235,1294,AAPL,145.54,100
88035439011615,1227,1294,AAPL,145.54,60
88035439012985,1227,1296,AAPL,146.35,60
88035439013210,1281,1296,AAPL,146.35,40
88035439015052,1299,1298,AAPL,146.86,140
88035439016385,1301,1288,AAPL,147.08,80
88035439016611,1301,1286,AAPL,147.17,20
88035439017981,1303,1286,AAPL,147.17,80
88035439018230,1303,1300,AAPL,147.27,60
88035439019705,1305,1300,AAPL,147.27,120
88035439019930,1305,1274,AAPL,147.39,40
88035439020260,1305,1304,AAPL,147.66,20
88035439022317,1307,1308,AAPL,147.10,120
88035439023197,1309,1308,AAPL,147.10,20
88035439024056,1309,1310,AAPL,147.05,140
88035439024836,1311,1310,AAPL,147.05,40
88035439025680,1311,1312,AAPL,147.08,60
88035439026967,1299,1314,AAPL,146.73,20
88035439027193,1281,1314,AAPL,146.73,60
88035439027502,1297,1314,AAPL,146.73,80
88035439030832,1297,1316,AAPL,146.82,40
88035439032316,1279,1318,AAPL,146.23,140
88035439033586,1279,1320,AAPL,146.28,20
88035439033829,1211,1320,AAPL,146.28,100
88035439034124,1287,1320,AAPL,146.28,60
88035439036184,1323,1316,AAPL,146.82,60
88035439036435,1323,1322,AAPL,146.88,80
88035439037924,1325,1322,AAPL,146.88,40
88035439038158,1325,1312,AAPL,147.08,60
88035439038498,1325,1304,AAPL,147.66,80
88035439040116,1327,1304,AAPL,147.66,60
88035439040346,1327,1306,AAPL,147.69,60
88035439041893,1329,1306,AAPL,147.69,40
88035439042160,1329,1302,AAPL,147.77,120
88035439044101,1331,1332,AAPL,147.35,100
88035439044862,1333,1332,AAPL,147.35,20
88035439045130,1333,1330,AAPL,147.50,120
88035439047544,1337,1334,AAPL,147.39,120
88035439048728,1339,1334,AAPL,147.39,40
88035439048967,1339,1330,AAPL,147.50,60
88035439052967,1341,1342,AAPL,147.17,100
88035439053198,1339,1342,AAPL,147.17,20
88035439057105,1339,1344,AAPL,147.13,40
88035439057325,1335,1344,AAPL,147.13,120
88035439058672,1335,1346,AAPL,147.14,60
88035439058880,1345,1346,AAPL,147.14,40
88035439060288,1345,1348,AAPL,147.17,140
88035439063539,1349,1354,AAPL,146.85,160
88035439064917,1351,1356,AAPL,146.31,100
88035439066169,1353,1358,AAPL,146.53,140
88035439067437,1347,1360,AAPL,146.14,120
88035439067698,1343,1360,AAPL,146.14,60
88035439069278,1343,1362,AAPL,146.40,80
88035439069537,1287,1362,AAPL,146.40,40
88035439072897,1363,1364,AAPL,146.63,140
88035439073183,1287,1364,AAPL,146.63,20
88035439074720,1365,1366,AAPL,146.78,100
88035439075915,1365,1368,AAPL,146.99,80
88035439077184,1367,1370,AAPL,146.53,120
88035439077455,1283,1370,AAPL,146.53,60
88035439078957,1283,1372,AAPL,146.08,80
88035439079261,1209,1372,AAPL,146.08,40
88035439080626,1209,1374,AAPL,146.57,120
88035439080875,1231,1374,AAPL,146.57,40
88035439082692,1377,1376,AAPL,146.96,100
88035439083006,1377,1368,AAPL,146.99,20
88035439085839,1381,1382,AAPL,146.78,100
88035439086072,1379,1382,AAPL,146.78,20
88035439087442,1379,1384,AAPL,145.95,140
88035439087656,1375,1384,AAPL,145.95,20
88035439089069,1375,1386,AAPL,146.18,100
88035439092045,1375,1388,AAPL,145.90,60
88035439092282,1231,1388,AAPL,145.90,60
88035439092634,1285,1388,AAPL,145.90,20
88035439094232,1285,1390,AAPL,146.29,160
88035439094627,1313,1390,AAPL,146.29,20
88035439096042,1313,1392,AAPL,146.52,120
88035439098509,1361,1396,AAPL,146.10,100
88035439099812,1355,1398,AAPL,146.32,140
88035439101438,1401,1394,AAPL,146.72,100
88035439102604,1403,1394,AAPL,146.72,60
88035439102839,1403,1380,AAPL,146.98,80
88035439104202,1405,1380,AAPL,146.98,100
88035439104434,1405,1368,AAPL,146.99,40
88035439104767,1405,1402,AAPL,147.10,40
88035439106222,1407,1402,AAPL,147.10,80
88035439106445,1407,1400,AAPL,147.10,40
88035439107885,1409,1400,AAPL,147.10,140
88035439108132,1409,1378,AAPL,147.21,20
88035439111822,1411,1378,AAPL,147.21,100
88035439113145,1413,1378,AAPL,147.21,20
88035439113361,1413,1352,AAPL,147.53,120
88035439114864,1415,1336,AAPL,147.63,100
88035439115091,1415,1340,AAPL,147.67,80
88035439116576,1417,1416,AAPL,147.59,100
88035439116851,1417,1340,AAPL,147.67,20
88035439118647,1419,1420,AAPL,147.10,160
88035439119448,1421,1420,AAPL,147.10,20
88035439120203,1421,1422,AAPL,147.14,80
88035439120916,1423,1422,AAPL,147.14,40
88035439122608,1423,1426,AAPL,146.76,100
88035439123879,1425,1428,AAPL,146.52,140
88035439125096,1425,1430,AAPL,146.27,40
88035439125323,1427,1430,AAPL,146.27,120
88035439125680,1399,1430,AAPL,146.27,20
88035439127223,1399,1432,AAPL,146.50,120
88035439128428,1399,1434,AAPL,146.42,20
88035439128627,1433,1434,AAPL,146.42,140
88035439132520,1437,1436,AAPL,146.77,100
88035439133920,1439,1438,AAPL,147.28,140
88035439135796,1439,1442,AAPL,147.10,20
88035439136631,1443,1442,AAPL,147.10,100
88035439137903,1445,1418,AAPL,147.38,140
88035439138128,1445,1424,AAPL,147.44,40
88035439139510,1447,1424,AAPL,147.44,120
88035439142961,1449,1440,AAPL,147.44,160
88035439144122,1451,1440,AAPL,147.44,20
88035439144342,1451,1340,AAPL,147.67,80
88035439145946,1453,1444,AAPL,147.72,140
88035439147202,1455,1444,AAPL,147.72,20
88035439147474,1455,1218,AAPL,147.78,100
88035439147813,1455,1324,AAPL,147.85,60
88035439151708,1457,1324,AAPL,147.85,100
88035439152006,1457,1250,AAPL,147.85,20
88035439153493,1459,1250,AAPL,147.85,160
88035439154836,1461,1350,AAPL,147.86,100
88035439156459,1463,1464,AAPL,147.01,140
88035439156696,1443,1464,AAPL,147.01,20
88035439158221,1443,1466,AAPL,146.98,20
88035439158437,1441,1466,AAPL,146.98,80
88035439159809,1441,1468,AAPL,146.57,20
88035439160040,1437,1468,AAPL,146.57,20
88035439160366,1467,1468,AAPL,146.57,100
88035439162017,1467,1470,AAPL,146.44,20
88035439162253,1465,1470,AAPL,146.44,160
88035439163747,1465,1472,AAPL,146.34,20
88035439163978,1355,1472,AAPL,146.34,40
88035439164367,1241,1472,AAPL,146.34,60
88035439165912,1241,1474,AAPL,146.15,40
88035439166144,1369,1474,AAPL,146.15,120
88035439167440,1369,1476,AAPL,146.18,40
88035439167714,1317,1476,AAPL,146.18,60
88035439169596,1479,1478,AAPL,146.65,140
88035439170418,1479,1480,AAPL,146.58,20
88035439171247,1481,1480,AAPL,146.58,100
88035439172389,1483,1480,AAPL,146.58,60
88035439172610,1483,1482,AAPL,146.99,80
88035439175953,1485,1482,AAPL,146.99,40
88035439176772,1485,1486,AAPL,146.77,100
88035439177919,1485,1488,AAPL,146.68,40
88035439178127,1487,1488,AAPL,146.68,100
88035439179992,1491,1484,AAPL,147.42,100
88035439181283,1493,1484,AAPL,147.42,60
88035439181499,1493,1490,AAPL,147.52,80
88035439182872,1495,1490,AAPL,147.52,100
88035439183105,1495,1492,AAPL,147.61,80
88035439184437,1497,1496,AAPL,147.53,100
88035439184698,1497,1492,AAPL,147.61,20
88035439186022,1499,1492,AAPL,147.61,20
88035439187286,1501,1494,AAPL,147.77,100
88035439188455,1503,1494,AAPL,147.77,60
88035439188652,1503,1462,AAPL,147.84,80
88035439190006,1505,1462,AAPL,147.84,40
88035439190268,1505,1498,AAPL,147.85,140
88035439191149,1499,1506,AAPL,147.69,100
88035439194639,1499,1508,AAPL,147.06,40
88035439194879,1507,1508,AAPL,147.06,100
88035439196345,1507,1510,AAPL,146.47,20
88035439196800,1489,1510,AAPL,146.47,160
88035439198275,1487,1512,AAPL,146.42,20
88035439198512,1509,1512,AAPL,146.42,100
88035439199973,1509,1514,AAPL,146.75,60
88035439200780,1515,1514,AAPL,146.75,100
88035439203374,1517,1520,AAPL,146.79,120
88035439203583,1519,1520,AAPL,146.79,60
88035439204902,1519,1522,AAPL,146.65,100
88035439205140,1521,1522,AAPL,146.65,20
88035439206576,1521,1524,AAPL,146.04,80
88035439206791,1515,1524,AAPL,146.04,80
88035439208219,1511,1526,AAPL,145.94,100
88035439209543,1317,1528,AAPL,145.71,60
88035439209752,1315,1528,AAPL,145.71,80
88035439211198,1315,1530,AAPL,144.83,100
88035439211432,1321,1530,AAPL,144.83,80
88035439214994,1321,1532,AAPL,144.96,20
88035439215257,1513,1532,AAPL,144.96,100
88035439216760,1513,1534,AAPL,144.45,40
88035439217046,1291,1534,AAPL,144.45,100
88035439217388,1435,1534,AAPL,144.45,20
88035439221192,1435,1536,AAPL,143.73,100
88035439224612,1435,1538,AAPL,143.48,60
88035439224876,1357,1538,AAPL,143.48,80
88035439228946,1357,1540,AAPL,143.78,40
88035439229163,1395,1540,AAPL,143.78,140
88035439230773,1395,1542,AAPL,143.83,40
88035439231005,1431,1542,AAPL,143.83,80
88035439232473,1431,1544,AAPL,144.44,20
88035439232723,1469,1544,AAPL,144.44,140
88035439234228,1469,1546,AAPL,145.27,20
88035439234458,1393,1546,AAPL,145.27,80
88035439235821,1393,1548,AAPL,145.74,60
88035439236124,1475,1548,AAPL,145.74,80
88035439237612,1475,1550,AAPL,145.66,100
88035439237849,1429,1550,AAPL,145.66,80
88035439239125,1429,1552,AAPL,144.87,80
88035439239396,1477,1552,AAPL,144.87,40
88035439240730,1477,1554,AAPL,144.67,80
88035439241023,1237,1554,AAPL,144.67,80
88035439242441,1237,1556,AAPL,144.32,40
88035439242677,1391,1556,AAPL,144.32,60
88035439245673,1391,1558,AAPL,144.31,40
88035439245960,1389,1558,AAPL,144.31,100
88035439247527,1389,1560,AAPL,144.13,60
88035439247769,1371,1560,AAPL,144.13,100
88035439248140,1383,1560,AAPL,144.13,20
88035439249845,1383,1562,AAPL,143.99,120
88035439251234,1473,1564,AAPL,143.74,140
88035439251554,1523,1564,AAPL,143.74,20
88035439253038,1523,1566,AAPL,142.92,100
88035439254239,1523,1568,AAPL,143.50,20
88035439254497,1239,1568,AAPL,143.50,120
88035439256164,1239,1570,AAPL,143.86,40
88035439256459,1373,1570,AAPL,143.86,140
88035439258050,1103,1572,AAPL,143.62,20
88035439258337,1549,1572,AAPL,143.62,100
88035439259737,1549,1574,AAPL,143.39,60
88035439259967,1359,1574,AAPL,143.39,100
88035439261387,1359,1576,AAPL,142.99,60
88035439261623,1387,1576,AAPL,142.99,40
88035439262923,1387,1578,AAPL,143.82,80
88035439263203,1471,1578,AAPL,143.82,60
88035439264585,1471,1580,AAPL,143.57,40
88035439264824,1397,1580,AAPL,143.57,120
88035439265186,1527,1580,AAPL,143.57,20
88035439266703,1527,1582,AAPL,143.51,100
88035439267010,1319,1582,AAPL,143.51,20
88035439268562,1319,1584,AAPL,144.09,140
88035439268793,1525,1584,AAPL,144.09,20
88035439273818,1525,1586,AAPL,144.24,100
88035439275164,1525,1588,AAPL,145.16,60
88035439275499,1295,1588,AAPL,145.16,80
88035439276921,1295,1590,AAPL,144.38,100
88035439277177,1293,1590,AAPL,144.38,80
88035439278606,1293,1592,AAPL,143.86,60
88035439278871,1101,1592,AAPL,143.86,60
88035439280244,1101,1594,AAPL,143.70,40
88035439280473,1385,1594,AAPL,143.70,120
88035439281758,1385,1596,AAPL,143.49,60
88035439282032,1529,1596,AAPL,143.49,40
88035439355938,1529,1598,AAPL,144.28,120
88035439356431,1547,1598,AAPL,144.28,20
88035439358321,1547,1600,AAPL,144.58,100
88035439358594,1551,1600,AAPL,144.58,80
88035439360066,1551,1602,AAPL,144.49,20
88035439360490,953,1602,AAPL,144.49,100
88035439361798,953,1604,AAPL,144.18,40
88035439362224,1553,1604,AAPL,144.18,120
88035439363826,1553,1606,AAPL,144.45,20
88035439364148,1545,1606,AAPL,144.45,80
88035439365522,1545,1608,AAPL,144.53,100
88035439365761,1589,1608,AAPL,144.53,40
88035439406647,1589,1610,AAPL,144.24,120
88035439406898,1533,1610,AAPL,144.24,60
88035439410326,1533,1612,AAPL,144.52,80
88035439410593,1587,1612,AAPL,144.52,40
88035439411933,1587,1614,AAPL,144.18,80
88035439412231,945,1614,AAPL,144.18,80
88035439413684,945,1616,AAPL,143.59,100
88035439415021,1611,1618,AAPL,143.74,100
88035439415311,1599,1618,AAPL,143.74,40
88035439416826,1599,1620,AAPL,143.86,120
88035439417091,1531,1620,AAPL,143.86,60
88035439418804,1531,1622,AAPL,143.36,40
88035439419125,1601,1622,AAPL,143.36,80
88035439420513,1601,1624,AAPL,143.32,20
88035439420822,1605,1624,AAPL,143.32,140
88035439422445,1605,1626,AAPL,143.19,40
88035439422720,1607,1626,AAPL,143.19,60
88035439424163,1607,1628,AAPL,143.11,60
88035439424392,1559,1628,AAPL,143.11,80
88035439425697,1559,1630,AAPL,143.68,80
88035439426005,1603,1630,AAPL,143.68,100
88035439427333,1603,1632,AAPL,143.37,40
88035439427575,1557,1632,AAPL,143.37,80
88035439428933,1557,1634,AAPL,143.01,40
88035439429180,1613,1634,AAPL,143.01,120
88035439430623,1613,1636,AAPL,143.23,20
88035439430857,1543,1636,AAPL,143.23,80
88035439434385,1543,1638,AAPL,143.24,60
88035439434634,1555,1638,AAPL,143.24,80
88035439435930,1555,1640,AAPL,143.96,100
88035439436165,1535,1640,AAPL,143.96,80
88035439450470,1535,1644,AAPL,144.02,100
88035439450699,1609,1644,AAPL,144.02,60
88035439452058,1609,1646,AAPL,143.65,100
88035439453923,1649,1648,AAPL,144.27,140
88035439454228,1649,1642,AAPL,144.37,20
88035439455605,1651,1642,AAPL,144.37,100
88035439456936,1653,1650,AAPL,144.90,140
88035439458094,1655,1650,AAPL,144.90,40
88035439458312,1655,1654,AAPL,144.97,140
88035439459850,1657,1654,AAPL,144.97,20
88035439460084,1657,1652,AAPL,145.07,100
88035439461440,1659,1652,AAPL,145.07,20
88035439461714,1659,1656,AAPL,145.16,100
88035439462053,1659,1658,AAPL,145.74,40
88035439467885,1665,1660,AAPL,145.69,180
88035439469219,1667,1658,AAPL,145.74,100
88035439469413,1667,1662,AAPL,145.76,20
88035439470776,1669,1662,AAPL,145.76,100
88035439471011,1669,1666,AAPL,145.84,60
88035439472465,1671,1666,AAPL,145.84,40
88035439472689,1671,1670,AAPL,146.05,60
88035439474646,1673,1674,AAPL,145.54,140
88035439474929,1663,1674,AAPL,145.54,20
88035439476285,1663,1676,AAPL,144.72,100
88035439477577,1663,1678,AAPL,144.73,20
88035439477814,1661,1678,AAPL,144.73,100
88035439478108,1675,1678,AAPL,144.73,20
88035439479645,1675,1680,AAPL,144.33,160
88035439479877,1677,1680,AAPL,144.33,20
88035439484647,1681,1684,AAPL,144.67,100
88035439484931,1677,1684,AAPL,144.67,60
88035439486363,1677,1686,AAPL,144.41,40
88035439486666,1683,1686,AAPL,144.41,60
88035439488074,1683,1688,AAPL,144.57,80
88035439488285,1685,1688,AAPL,144.57,60
88035439489685,1685,1690,AAPL,144.51,120
88035439490489,1691,1690,AAPL,144.51,60
88035439490777,1691,1682,AAPL,144.84,40
88035439492867,1693,1694,AAPL,144.52,140
88035439493703,1695,1694,AAPL,144.52,20
88035439495994,1699,1692,AAPL,144.74,120
88035439496224,1699,1698,AAPL,144.83,40
88035439500677,1701,1698,AAPL,144.83,100
88035439502845,1695,1704,AAPL,144.52,160
88035439506915,1705,1708,AAPL,144.44,140
88035439508180,1705,1710,AAPL,144.42,40
88035439508459,1707,1710,AAPL,144.42,120
88035439508754,1697,1710,AAPL,144.42,20
88035439510235,1697,1712,AAPL,144.42,100
88035439510487,1709,1712,AAPL,144.42,20
88035439511932,1709,1714,AAPL,144.08,140
88035439512143,1703,1714,AAPL,144.08,20
88035439513463,1715,1716,AAPL,144.48,100
88035439514629,1715,1718,AAPL,144.28,80
88035439514881,1703,1718,AAPL,144.28,60
88035439516193,1703,1720,AAPL,144.09,60
88035439516406,1689,1720,AAPL,144.09,120
88035439518317,1723,1722,AAPL,144.60,120
88035439518592,1723,1700,AAPL,144.84,20
88035439526530,1725,1700,AAPL,144.84,160
88035439526762,1725,1682,AAPL,144.84,20
88035439530840,1729,1682,AAPL,144.84,60
88035439531202,1729,1696,AAPL,144.85,100
88035439532630,1731,1706,AAPL,144.85,100
88035439533396,1727,1732,AAPL,144.64,120
88035439534806,1733,1734,AAPL,143.96,140
88035439535078,1689,1734,AAPL,143.96,20
88035439536552,1689,1736,AAPL,143.39,20
88035439536784,1713,1736,AAPL,143.39,80
88035439538288,1713,1738,AAPL,143.02,60
88035439538561,1717,1738,AAPL,143.02,80
88035439539906,1717,1740,AAPL,143.01,40
88035439540152,1679,1740,AAPL,143.01,140
88035439541551,1679,1742,AAPL,143.69,20
88035439541799,1719,1742,AAPL,143.69,100
88035439543185,1719,1744,AAPL,143.35,60
88035439543413,1711,1744,AAPL,143.35,100
88035439544865,1643,1746,AAPL,143.17,100
88035439546201,1643,1748,AAPL,143.70,40
88035439546412,1721,1748,AAPL,143.70,100
88035439547979,1591,1750,AAPL,143.36,100
88035439548291,1687,1750,AAPL,143.36,80
88035439549659,1687,1752,AAPL,143.04,40
88035439549885,1641,1752,AAPL,143.04,80
88035439551314,1641,1754,AAPL,143.02,20
88035439551570,1581,1754,AAPL,143.02,100
88035439551985,893,1754,AAPL,143.02,40
88035439553487,893,1756,AAPL,142.53,100
88035439557232,1571,1758,AAPL,143.14,100
88035439557535,1647,1758,AAPL,143.14,40
88035439558974,1647,1760,AAPL,142.55,80
88035439559237,1541,1760,AAPL,142.55,100
88035439561032,1645,1762,AAPL,142.78,120
88035439562270,1645,1764,AAPL,142.64,60
88035439562497,1597,1764,AAPL,142.64,100
88035439563899,1597,1766,AAPL,141.89,20
88035439564144,1619,1766,AAPL,141.89,80
88035439565727,1619,1768,AAPL,142.07,80
88035439565954,1615,1768,AAPL,142.07,60
88035439567341,1615,1770,AAPL,142.16,120
88035439567595,1585,1770,AAPL,142.16,60
88035439568991,1585,1772,AAPL,142.69,120
88035439570409,1583,1774,AAPL,142.05,140
88035439570663,1573,1774,AAPL,142.05,20
88035439573090,1573,1776,AAPL,141.59,100
88035439574376,1573,1778,AAPL,141.26,20
88035439584288,1561,1778,AAPL,141.26,100
88035439584596,1569,1778,AAPL,141.26,20
88035439586386,1569,1780,AAPL,140.78,140
88035439586630,1617,1780,AAPL,140.78,40
88035439588191,1617,1782,AAPL,141.46,80
88035439588462,1639,1782,AAPL,141.46,40
88035439591879,1639,1784,AAPL,141.34,120
88035439592167,1563,1784,AAPL,141.34,40
88035439605063,1563,1786,AAPL,141.28,100
88035439610067,1631,1788,AAPL,141.31,100
88035439610533,1595,1788,AAPL,141.31,40
88035439612396,1595,1790,AAPL,141.73,140
88035439612722,1539,1790,AAPL,141.73,40
88035439614200,1539,1792,AAPL,141.79,120
88035439615554,1749,1794,AAPL,142.06,160
88035439617127,1735,1796,AAPL,142.43,100
88035439618594,1735,1798,AAPL,142.21,80
88035439619101,881,1798,AAPL,142.21,60
88035439620898,881,1800,AAPL,141.48,40
88035439621160,1637,1800,AAPL,141.48,120
88035439621639,1737,1800,AAPL,141.48,20
88035439623624,1737,1802,AAPL,142.03,100
88035439623959,1579,1802,AAPL,142.03,20
88035439625762,1579,1804,AAPL,142.23,140
88035439626518,1627,1804,AAPL,142.23,20
88035439627964,1627,1806,AAPL,142.88,100
88035439629586,1743,1808,AAPL,143.04,140
88035439631625,863,1810,AAPL,143.09,100
88035439634644,821,1810,AAPL,143.09,40
88035439635154,1593,1810,AAPL,143.09,40
88035439637183,1593,1812,AAPL,143.03,100
88035439637423,1745,1812,AAPL,143.03,20
88035439639192,1813,1814,AAPL,143.14,140
88035439639438,1745,1814,AAPL,143.14,20
88035439641251,1745,1816,AAPL,142.24,100
88035439642756,1745,1818,AAPL,142.69,40
88035439643072,1621,1818,AAPL,142.69,100
88035439644712,1577,1820,AAPL,143.23,120
88035439645038,1633,1820,AAPL,143.23,60
88035439646573,1633,1822,AAPL,143.34,80
88035439648050,1575,1824,AAPL,142.85,160
88035439649280,1575,1826,AAPL,142.92,20
88035439649678,877,1826,AAPL,142.92,80
88035439651693,877,1828,AAPL,142.43,40
88035439652314,1823,1828,AAPL,142.43,100
88035439654277,1823,1830,AAPL,142.20,40
88035439654527,1747,1830,AAPL,142.20,120
88035439654854,1809,1830,AAPL,142.20,20
88035439656821,1809,1832,AAPL,141.27,120
88035439658476,1809,1834,AAPL,140.94,20
88035439658735,1751,1834,AAPL,140.94,100
88035439659322,1537,1834,AAPL,140.94,40
88035439666953,1537,1836,AAPL,141.06,80
88035439667307,1741,1836,AAPL,141.06,20
88035439669156,1741,1838,AAPL,140.67,80
88035439669407,1565,1838,AAPL,140.67,60
88035439671214,1565,1840,AAPL,140.29,120
88035439671667,1629,1840,AAPL,140.29,60
88035439673326,1629,1842,AAPL,140.95,100
88035439673838,1625,1842,AAPL,140.95,20
88035439676261,1625,1844,AAPL,140.91,160
88035439677957,1825,1846,AAPL,141.35,100
88035439679411,1825,1848,AAPL,142.30,80
88035439679622,1623,1848,AAPL,142.30,60
88035439681557,1623,1850,AAPL,141.42,80
88035439681996,1819,1850,AAPL,141.42,100
88035439683422,1819,1852,AAPL,141.50,60
88035439683649,879,1852,AAPL,141.50,60
88035439685470,879,1854,AAPL,141.47,100
88035439685730,1567,1854,AAPL,141.47,60
88035439687836,1567,1856,AAPL,141.54,60
88035439688064,867,1856,AAPL,141.54,40
88035439709962,867,1858,AAPL,141.24,80
88035439710209,1811,1858,AAPL,141.24,60
88035439712582,1811,1860,AAPL,141.03,40
88035439712869,1821,1860,AAPL,141.03,100
88035439713804,1635,1860,AAPL,141.03,40
88035439721465,1635,1862,AAPL,141.02,120
88035439723139,1635,1864,AAPL,140.82,20
88035439723343,1755,1864,AAPL,140.82,140
88035439725495,1755,1866,AAPL,141.37,40
88035439726009,1757,1866,AAPL,141.37,60
88035439727796,1757,1868,AAPL,141.46,60
88035439728347,1753,1868,AAPL,141.46,80
88035439736580,1753,1870,AAPL,141.22,60
88035439737643,1763,1870,AAPL,141.22,120
88035439739549,1763,1872,AAPL,141.43,20
88035439739959,1761,1872,AAPL,141.43,100
88035439741983,1759,1874,AAPL,142.18,160
88035439743608,1827,1876,AAPL,141.99,100
88035439744974,1827,1878,AAPL,142.35,20
88035439745260,1807,1878,AAPL,142.35,120
88035439747003,1771,1880,AAPL,141.78,100
88035439747312,1815,1880,AAPL,141.78,80
88035439749046,1815,1882,AAPL,141.92,100
88035439749338,1739,1882,AAPL,141.92,20
88035439751389,1739,1884,AAPL,141.84,140
88035439751791,1805,1884,AAPL,141.84,20
88035439753401,1805,1886,AAPL,142.41,100
88035439754697,1805,1888,AAPL,141.98,60
88035439757139,1769,1888,AAPL,141.98,80
88035439759590,1891,1890,AAPL,142.62,100
88035439761748,1893,1890,AAPL,142.62,80
88035439762681,1893,1894,AAPL,142.77,60
88035439763671,1895,1894,AAPL,142.77,100
88035439763869,1895,1892,AAPL,142.89,80
88035439765474,1897,1892,AAPL,142.89,40
88035439765752,1897,1896,AAPL,143.10,80
88035439767476,1899,1896,AAPL,143.10,20
88035439767690,1899,1822,AAPL,143.34,40
88035439768044,1899,1898,AAPL,143.60,100
88035439770866,1903,1902,AAPL,143.51,120
88035439771178,1903,1898,AAPL,143.60,20
88035439772817,1905,1898,AAPL,143.60,20
88035439773724,1905,1906,AAPL,143.75,100
88035439775564,1909,1904,AAPL,144.01,160
88035439776851,1911,1900,AAPL,144.02,100
88035439780149,1913,1900,AAPL,144.02,80
88035439780423,1913,1910,AAPL,144.32,60
88035439781940,1915,1910,AAPL,144.32,120
88035439782217,1915,1908,AAPL,144.33,60
88035439783660,1917,1908,AAPL,144.33,80
88035439783890,1917,1916,AAPL,144.45,40
88035439785500,1919,1916,AAPL,144.45,60
88035439785733,1919,1912,AAPL,144.52,100
88035439787227,1921,1912,AAPL,144.52,20
88035439789516,1925,1726,AAPL,144.87,100
88035439789844,1925,1914,AAPL,144.93,80
88035439791294,1927,1914,AAPL,144.93,80
88035439791592,1927,1702,AAPL,144.94,40
88035439793288,1929,1702,AAPL,144.94,80
88035439793545,1929,1924,AAPL,144.97,80
88035439794962,1931,1924,AAPL,144.97,80
88035439795262,1931,1922,AAPL,145.04,20
88035439796842,1933,1922,AAPL,145.04,100
88035439797119,1933,1728,AAPL,145.11,40
88035439800505,1935,1728,AAPL,145.11,100
88035439800752,1935,1730,AAPL,145.21,80
88035439802255,1937,1730,AAPL,145.21,100
88035439802506,1937,1920,AAPL,145.22,20
88035439804110,1939,1920,AAPL,145.22,160
88035439805551,1941,1918,AAPL,145.28,100
88035439806710,1943,1918,AAPL,145.28,40
88035439806979,1943,1926,AAPL,145.30,100
88035439808455,1945,1724,AAPL,145.46,160
88035439808747,1945,1944,AAPL,145.94,20
88035439810401,1947,1944,AAPL,145.94,120
88035439811685,1949,1944,AAPL,145.94,20
88035439811912,1949,1928,AAPL,146.04,140
88035439813505,1951,1670,AAPL,146.05,100
88035439814844,1953,1670,AAPL,146.05,20
88035439815174,1953,1664,AAPL,146.12,120
88035439816624,1955,1664,AAPL,146.12,40
88035439816855,1955,1932,AAPL,146.17,120
88035439817205,1955,1930,AAPL,146.22,20
88035439818807,1957,1930,AAPL,146.22,120
88035439822200,1959,1930,AAPL,146.22,40
88035439822663,1959,1672,AAPL,146.29,120
88035439826341,1961,1668,AAPL,146.30,100
88035439827586,1963,1668,AAPL,146.30,40
88035439827828,1963,1938,AAPL,146.35,100
88035439829253,1965,1938,AAPL,146.35,40
88035439829505,1965,1936,AAPL,146.40,100
88035439829802,1965,1942,AAPL,146.45,40
88035439832428,1969,1968,AAPL,146.01,140
88035439833822,1971,1966,AAPL,146.29,100
88035439835130,1973,1942,AAPL,146.45,80
88035439835342,1973,1960,AAPL,146.48,60
88035439836624,1975,1960,AAPL,146.48,120
88035439836850,1975,1948,AAPL,146.55,60
88035439838831,1977,1978,AAPL,146.21,120
88035439840222,1969,1980,AAPL,145.52,20
88035439840444,1967,1980,AAPL,145.52,120
88035439840841,1979,1980,AAPL,145.52,40
88035439842712,1981,1982,AAPL,145.75,100
88035439842996,1979,1982,AAPL,145.75,20
88035439848012,1985,1986,AAPL,145.91,100
88035439849302,1985,1988,AAPL,145.77,80
88035439849503,1987,1988,AAPL,145.77,60
88035439851034,1987,1990,AAPL,145.86,60
88035439852457,1983,1992,AAPL,145.57,120
88035439853628,1983,1994,AAPL,145.53,20
88035439853883,1979,1994,AAPL,145.53,100
88035439854216,1989,1994,AAPL,145.53,40
88035439855783,1989,1996,AAPL,145.01,100
88035439857066,1989,1998,AAPL,144.30,20
88035439857333,1991,1998,AAPL,144.30,100
88035439857665,1993,1998,AAPL,144.30,20
88035439859210,1993,2000,AAPL,144.19,120
88035439859448,1995,2000,AAPL,144.19,60
88035439860881,1995,2002,AAPL,143.90,120
88035439862211,1921,2004,AAPL,143.27,80
88035439862455,1923,2004,AAPL,143.27,80
88035439863869,1923,2006,AAPL,143.64,60
88035439864116,1997,2006,AAPL,143.64,40
88035439867284,1997,2008,AAPL,144.17,80
88035439867582,1999,2008,AAPL,144.17,60
88035439870033,2009,2012,AAPL,143.91,120
88035439871214,2009,2014,AAPL,143.84,40
88035439871485,1999,2014,AAPL,143.84,100
88035439871803,2011,2014,AAPL,143.84,20
88035439873223,2011,2016,AAPL,143.24,80
88035439873465,1907,2016,AAPL,143.24,20
88035439874861,1907,2018,AAPL,143.30,100
88035439875085,1905,2018,AAPL,143.30,40
88035439876505,1905,2020,AAPL,143.43,20
88035439876756,2007,2020,AAPL,143.43,120
88035439877075,2001,2020,AAPL,143.43,40
88035439879090,2023,2022,AAPL,144.18,120
88035439879991,2023,2024,AAPL,144.08,20
88035439881908,2027,2024,AAPL,144.08,120
88035439883070,2029,2024,AAPL,144.08,20
88035439883358,2029,2026,AAPL,144.36,100
88035439883663,2029,2010,AAPL,144.40,40
88035439886870,2031,2010,AAPL,144.40,100
88035439888077,2033,2010,AAPL,144.40,40
88035439888303,2033,2028,AAPL,144.64,100
88035439889643,2035,2028,AAPL,144.64,40
88035439889891,2035,2030,AAPL,144.93,140
88035439891257,2037,2030,AAPL,144.93,40
88035439891539,2037,2032,AAPL,145.16,80
88035439893432,2039,2040,AAPL,144.52,160
88035439894230,2041,2040,AAPL,144.52,20
88035439894991,2041,2042,AAPL,144.57,80
88035439896610,2045,2042,AAPL,144.57,40
88035439897402,2045,2046,AAPL,144.49,100
88035439898629,2045,2048,AAPL,143.71,40
88035439898820,2043,2048,AAPL,143.71,100
88035439902866,2043,2050,AAPL,143.99,40
88035439903146,2049,2050,AAPL,143.99,140
88035439906729,2049,2052,AAPL,144.13,20
88035439909719,2053,2054,AAPL,143.60,140
88035439910031,2047,2054,AAPL,143.60,20
88035439912614,2055,2058,AAPL,144.05,140
88035439913837,2055,2060,AAPL,143.36,40
88035439914089,2057,2060,AAPL,143.36,120
88035439914393,2047,2060,AAPL,143.36,20
88035439915942,2047,2062,AAPL,143.05,80
88035439916194,2025,2062,AAPL,143.05,40
88035439917577,2025,2064,AAPL,142.42,140
88035439917817,2021,2064,AAPL,142.42,20
88035439919176,2021,2066,AAPL,142.47,80
88035439919427,2051,2066,AAPL,142.47,20
88035439920690,2051,2068,AAPL,142.83,80
88035439920937,2001,2068,AAPL,142.83,60
88035439922273,2013,2070,AAPL,143.14,140
88035439922561,2059,2070,AAPL,143.14,40
88035439923868,2059,2072,AAPL,142.91,120
88035439925279,2003,2074,AAPL,142.69,140
88035439925582,2005,2074,AAPL,142.69,20
88035439926944,2005,2076,AAPL,142.84,100
88035439928114,2005,2078,AAPL,142.85,60
88035439928357,1901,2078,AAPL,142.85,80
88035439931540,1901,2080,AAPL,142.57,20
88035439931923,2015,2080,AAPL,142.57,160
88035439933415,2015,2082,AAPL,142.70,20
88035439933638,2069,2082,AAPL,142.70,100
88035439934939,2069,2084,AAPL,142.31,60
88035439935160,2079,2084,AAPL,142.31,100
88035439936537,2079,2086,AAPL,142.52,60
88035439936765,2019,2086,AAPL,142.52,40
88035439938157,2019,2088,AAPL,142.74,120
88035439938387,2071,2088,AAPL,142.74,20
88035439939764,2089,2090,AAPL,143.10,160
88035439941090,2071,2092,AAPL,142.69,80
88035439941320,2075,2092,AAPL,142.69,40
88035439942609,2075,2094,AAPL,142.84,140
88035439942838,2061,2094,AAPL,142.84,20
88035439944159,2061,2096,AAPL,142.46,80
88035439944383,2065,2096,AAPL,142.46,20
88035439945803,2065,2098,AAPL,141.76,140
88035439947147,2065,2100,AAPL,141.95,20
88035439947405,2093,2100,AAPL,141.95,140
88035439947715,2017,2100,AAPL,141.95,20
88035439950965,2017,2102,AAPL,141.68,100
88035439951239,2063,2102,AAPL,141.68,20
88035439952710,2063,2104,AAPL,142.01,120
88035439952918,2067,2104,AAPL,142.01,40
88035439954312,2067,2106,AAPL,141.67,80
88035439954526,2095,2106,AAPL,141.67,20
88035439956110,2095,2108,AAPL,141.34,140
88035439957415,2095,2110,AAPL,141.44,20
88035439957660,2091,2110,AAPL,141.44,100
88035439958009,2073,2110,AAPL,141.44,60
88035439959587,2073,2112,AAPL,140.99,80
88035439959862,2077,2112,AAPL,140.99,40
88035439961389,2077,2114,AAPL,140.95,80
88035439961613,2081,2114,AAPL,140.95,80
88035439962988,2081,2116,AAPL,140.76,20
88035439963232,1769,2116,AAPL,140.76,80
88035439964832,1817,2118,AAPL,141.29,120
88035439965040,2083,2118,AAPL,141.29,20
88035439966390,2083,2120,AAPL,141.33,120
88035439966696,1889,2120,AAPL,141.33,60
88035439968061,1889,2122,AAPL,141.86,100
88035439968306,2087,2122,AAPL,141.86,20
88035439969627,2123,2124,AAPL,142.28,140
88035439969885,2087,2124,AAPL,142.28,20
88035439971296,2087,2126,AAPL,141.68,80
88035439971531,1875,2126,AAPL,141.68,20
88035439972892,1875,2128,AAPL,141.28,140
88035439976167,1875,2130,AAPL,141.76,20
88035439976483,2085,2130,AAPL,141.76,160
88035439979899,2085,2132,AAPL,141.42,20
88035439980170,1877,2132,AAPL,141.42,100
88035439981624,1877,2134,AAPL,141.43,20
88035439981881,1829,2134,AAPL,141.43,140
88035439983336,1829,2136,AAPL,141.18,20
88035439983647,1765,2136,AAPL,141.18,80
88035439985079,1765,2138,AAPL,141.47,100
88035439985317,1773,2138,AAPL,141.47,40
88035439986857,1773,2140,AAPL,141.58,100
88035439987111,763,2140,AAPL,141.58,40
88035439987681,573,2140,AAPL,141.58,20
88035439988024,1887,2140,AAPL,141.58,20
88035439989657,1887,2142,AAPL,141.37,100
88035439990106,779,2142,AAPL,141.37,20
88035439993687,2145,2148,AAPL,142.18,140
88035439994840,2145,2150,AAPL,141.35,40
88035439995038,2147,2150,AAPL,141.35,120
88035439995552,779,2150,AAPL,141.35,20
88035439997228,779,2152,AAPL,141.38,120
88035439998710,635,2154,AAPL,140.46,160
88035440001845,635,2156,AAPL,140.95,20
88035440002443,1795,2156,AAPL,140.95,80
88035440004052,1795,2158,AAPL,140.94,100
88035440004486,767,2158,AAPL,140.94,40
88035440006398,767,2160,AAPL,141.53,80
88035440006785,753,2160,AAPL,141.53,100
88035440008316,753,2162,AAPL,141.65,40
88035440008605,655,2162,AAPL,141.65,80
88035440010174,655,2164,AAPL,141.64,100
88035440010424,2125,2164,AAPL,141.64,60
88035440012512,2167,2166,AAPL,142.15,100
88035440012726,2167,2144,AAPL,142.32,20
88035440014156,2169,2144,AAPL,142.32,140
88035440014388,2169,2146,AAPL,142.62,20
88035440016199,2171,2172,AAPL,142.19,100
88035440017526,2125,2174,AAPL,142.01,120
88035440017900,757,2174,AAPL,142.01,40
88035440018906,2175,2172,AAPL,142.19,20
88035440025097,2183,2178,AAPL,142.49,140
88035440026584,2185,2180,AAPL,142.51,180
88035440028332,2187,2188,AAPL,142.32,120
88035440031439,2179,2194,AAPL,142.01,160
88035440032830,2175,2196,AAPL,141.67,100
88035440036488,2175,2198,AAPL,141.09,60
88035440036741,2193,2198,AAPL,141.09,80
88035440038164,2193,2200,AAPL,141.57,60
88035440038377,2191,2200,AAPL,141.57,100
88035440038719,2189,2200,AAPL,141.57,20
88035440040317,2189,2202,AAPL,140.86,120
88035440041509,2189,2204,AAPL,141.68,20
88035440041763,2177,2204,AAPL,141.68,120
88035440042091,2181,2204,AAPL,141.68,20
88035440043677,2181,2206,AAPL,141.90,80
88035440043939,757,2206,AAPL,141.90,20
88035440046310,2209,2210,AAPL,142.14,160
88035440048113,2213,2210,AAPL,142.14,20
88035440048355,2213,2188,AAPL,142.32,20
88035440048682,2213,2212,AAPL,142.35,100
88035440051019,2217,2214,AAPL,142.11,120
88035440052378,2219,2214,AAPL,142.11,40
88035440052590,2219,2216,AAPL,142.25,100
88035440055005,2219,2212,AAPL,142.35,20
88035440057494,2223,2220,AAPL,142.15,140
88035440058751,2225,2220,AAPL,142.15,40
88035440058969,2225,2222,AAPL,142.32,120
88035440059312,2225,2218,AAPL,142.37,20
88035440060771,2227,2218,AAPL,142.37,120
88035440062163,2229,2192,AAPL,142.44,120
88035440062404,2229,2208,AAPL,142.52,40
88035440063725,2231,2208,AAPL,142.52,100
88035440065210,2233,2182,AAPL,142.55,120
88035440065428,2233,2184,AAPL,142.59,20
88035440069411,2235,2184,AAPL,142.59,140
88035440069748,2235,2190,AAPL,142.61,40
88035440071676,2221,2238,AAPL,141.73,100
88035440071893,2237,2238,AAPL,141.73,40
88035440073497,2237,2240,AAPL,141.64,80
88035440073820,2215,2240,AAPL,141.64,100
88035440075659,2215,2242,AAPL,141.34,80
88035440075909,757,2242,AAPL,141.34,40
88035440077270,757,2244,AAPL,141.75,20
88035440077495,1885,2244,AAPL,141.75,140
88035440080828,2245,2246,AAPL,141.96,100
88035440082602,2249,2248,AAPL,142.30,140
88035440084885,2253,2236,AAPL,142.38,100
88035440085134,2253,2250,AAPL,142.44,40
88035440085978,2249,2254,AAPL,142.03,20
88035440086249,2251,2254,AAPL,142.03,100
88035440086564,2245,2254,AAPL,142.03,40
88035440087484,2255,2250,AAPL,142.44,140
88035440088865,2257,2252,AAPL,142.58,120
88035440090237,2259,2190,AAPL,142.61,140
88035440090487,2259,2146,AAPL,142.62,20
88035440093803,2265,2146,AAPL,142.62,60
88035440094046,2265,2176,AAPL,142.66,100
88035440094382,2265,2256,AAPL,142.67,20
88035440097825,2267,2256,AAPL,142.67,80
88035440098106,2267,2262,AAPL,142.70,40
88035440099541,2269,2262,AAPL,142.70,80
88035440099801,2269,2168,AAPL,142.77,80
88035440101375,2271,2168,AAPL,142.77,60
88035440101607,2271,2264,AAPL,142.77,40
88035440103078,2273,2264,AAPL,142.77,120
88035440103311,2273,2170,AAPL,142.81,20
88035440104799,2275,2170,AAPL,142.81,160
88035440105086,2275,2186,AAPL,142.92,20
88035440106498,2277,2186,AAPL,142.92,80
88035440106739,2277,2224,AAPL,142.99,40
88035440108195,2279,2224,AAPL,142.99,120
88035440108454,2279,2260,AAPL,143.10,40
88035440109878,2281,2260,AAPL,143.10,100
88035440111055,2283,2260,AAPL,143.10,40
88035440111261,2283,2090,AAPL,143.10,20
88035440111669,2283,2232,AAPL,143.14,80
88035440113132,2285,2232,AAPL,143.14,40
88035440113367,2285,2234,AAPL,143.18,140
88035440114804,2287,2234,AAPL,143.18,20
88035440115041,2287,2230,AAPL,143.22,100
88035440116342,2289,2230,AAPL,143.22,80
88035440116574,2289,2258,AAPL,143.29,80
88035440117935,2291,2258,AAPL,143.29,60
88035440118187,2291,2274,AAPL,143.38,40
88035440121928,2293,2274,AAPL,143.38,120
88035440122202,2293,2276,AAPL,143.49,20
88035440124588,2297,2276,AAPL,143.49,80
88035440124824,2297,2296,AAPL,143.51,40
88035440125762,2295,2298,AAPL,143.14,140
88035440126998,2299,2300,AAPL,143.10,160
88035440127235,2295,2300,AAPL,143.10,20
88035440128699,2295,2302,AAPL,142.58,20
88035440128951,2301,2302,AAPL,142.58,100
88035440132035,2307,2306,AAPL,142.61,100
88035440132263,2307,2304,AAPL,142.66,20
88035440133725,2309,2304,AAPL,142.66,140
88035440133967,2309,2308,AAPL,142.93,20
88035440135382,2311,2308,AAPL,142.93,100
88035440136582,2313,2308,AAPL,142.93,20
88035440136805,2313,2296,AAPL,143.51,60
88035440137138,2313,2272,AAPL,143.55,60
88035440138868,2315,2272,AAPL,143.55,60
88035440139115,2315,2284,AAPL,143.57,120
88035440160949,2317,2284,AAPL,143.57,40
88035440161308,2317,2294,AAPL,143.59,80
88035440162822,2319,2294,AAPL,143.59,80
88035440163064,2319,2226,AAPL,143.59,80
88035440166940,2321,2226,AAPL,143.59,20
88035440167171,2321,2310,AAPL,143.59,80
88035440168632,2323,2310,AAPL,143.59,100
88035440168877,2323,2266,AAPL,143.64,40
88035440170255,2325,2324,AAPL,143.57,160
88035440170522,2325,2266,AAPL,143.64,20
88035440171971,2327,2266,AAPL,143.64,40
88035440172206,2327,2288,AAPL,143.69,80
88035440173629,2329,2288,AAPL,143.69,60
88035440173910,2329,2318,AAPL,143.72,100
88035440175345,2331,2318,AAPL,143.72,40
88035440175591,2331,2228,AAPL,143.73,60
88035440177135,2333,2228,AAPL,143.73,80
88035440177384,2333,2328,AAPL,143.84,60
88035440178829,2335,2328,AAPL,143.84,80
88035440179095,2335,2286,AAPL,143.90,100
88035440180664,2337,2268,AAPL,143.95,120
88035440181875,2339,2268,AAPL,143.95,20
88035440182085,2339,2330,AAPL,143.95,140
88035440183597,2341,2330,AAPL,143.95,40
88035440183852,2341,2320,AAPL,144.07,60
88035440187841,2343,2320,AAPL,144.07,120
88035440188073,2343,2056,AAPL,144.08,20
88035440189464,2345,2056,AAPL,144.08,80
88035440189735,2345,2326,AAPL,144.10,100
88035440191410,2347,2052,AAPL,144.13,100
88035440191638,2347,2278,AAPL,144.14,20
88035440193137,2349,2278,AAPL,144.14,120
88035440193424,2349,2280,AAPL,144.17,40
88035440195068,2351,2280,AAPL,144.17,100
88035440196292,2353,2280,AAPL,144.17,40
88035440196504,2353,2316,AAPL,144.18,100
88035440197976,2355,2322,AAPL,144.23,120
88035440198282,2355,2292,AAPL,144.23,60
88035440199838,2357,2292,AAPL,144.23,60
88035440200113,2357,2314,AAPL,144.25,60
88035440202752,2361,2358,AAPL,144.04,100
88035440203963,2363,2358,AAPL,144.04,40
88035440205255,2365,2360,AAPL,144.08,180
88035440206576,2367,2314,AAPL,144.25,100
88035440206825,2367,2356,AAPL,144.25,20
88035440210848,2369,2356,AAPL,144.25,80
88035440211104,2369,2362,AAPL,144.26,80
88035440212622,2371,2362,AAPL,144.26,40
88035440212882,2371,2290,AAPL,144.32,60
88035440214299,2373,2290,AAPL,144.32,120
88035440214743,2373,2364,AAPL,144.32,20
88035440216150,2375,2364,AAPL,144.32,140
88035440216386,2375,2282,AAPL,144.34,40
88035440217743,2377,2282,AAPL,144.34,80
88035440217961,2377,2270,AAPL,144.36,40
88035440219388,2379,2270,AAPL,144.36,140
88035440219632,2379,2354,AAPL,144.47,20
88035440221010,2381,2354,AAPL,144.47,100
88035440222140,2383,2354,AAPL,144.47,40
88035440222383,2383,2346,AAPL,144.49,100
88035440228604,2389,2390,AAPL,144.25,160
88035440228846,2385,2390,AAPL,144.25,20
88035440230808,2393,2392,AAPL,144.31,120
88035440231089,2393,2388,AAPL,144.36,20
88035440232087,2385,2394,AAPL,144.03,160
88035440233366,2387,2396,AAPL,143.29,100
88035440234521,2387,2398,AAPL,143.22,20
88035440234727,2391,2398,AAPL,143.22,100
88035440235070,2363,2398,AAPL,143.22,20
88035440236584,2363,2400,AAPL,143.29,80
88035440236809,2359,2400,AAPL,143.29,100
88035440238184,2359,2402,AAPL,143.30,60
88035440238441,2395,2402,AAPL,143.30,60
88035440239878,2395,2404,AAPL,143.17,120
88035440240166,2397,2404,AAPL,143.17,40
88035440241578,2397,2406,AAPL,142.47,80
88035440241820,2403,2406,AAPL,142.47,20
88035440245564,2403,2408,AAPL,142.47,120
88035440245806,2399,2408,AAPL,142.47,20
88035440247177,2399,2410,AAPL,142.22,140
88035440247437,2401,2410,AAPL,142.22,40
88035440248822,2401,2412,AAPL,142.96,60
88035440250612,2415,2412,AAPL,142.96,60
88035440254129,2415,2418,AAPL,143.07,120
88035440254949,2419,2418,AAPL,143.07,20
88035440255189,2419,2414,AAPL,143.16,140
88035440257000,2417,2422,AAPL,142.75,120
88035440258366,2407,2424,AAPL,141.97,120
88035440258623,2413,2424,AAPL,141.97,40
88035440260183,2413,2426,AAPL,142.28,100
88035440261709,2405,2428,AAPL,142.09,140
88035440264155,2405,2432,AAPL,142.31,40
88035440264511,2421,2432,AAPL,142.31,80
88035440265869,2421,2434,AAPL,142.51,20
88035440266153,2411,2434,AAPL,142.51,100
88035440266432,2431,2434,AAPL,142.51,40
88035440267937,2431,2436,AAPL,142.59,60
88035440268164,2261,2436,AAPL,142.59,40
88035440268997,2437,2430,AAPL,142.83,120
88035440270279,2439,2438,AAPL,142.62,140
88035440274200,2439,2442,AAPL,142.10,20
88035440274529,2261,2442,AAPL,142.10,60
88035440274984,2255,2442,AAPL,142.10,40
88035441315155,2441,2444,AAPL,142.19,100
88035441315860,2423,2444,AAPL,142.19,60
88035441317685,2423,2446,AAPL,142.19,80
88035441317990,2429,2446,AAPL,142.19,20
88035441320887,2449,2450,AAPL,142.41,160
88035441321773,2451,2450,AAPL,142.41,20
88035441322911,2451,2452,AAPL,142.25,80
88035441323149,2429,2452,AAPL,142.25,40
88035441325069,2455,2448,AAPL,142.64,140
88035441325297,2455,2454,AAPL,142.68,40
88035441326920,2457,2454,AAPL,142.68,120
88035441328367,2459,2440,AAPL,142.73,160
88035441329560,2461,2440,AAPL,142.73,20
88035441329862,2461,2430,AAPL,142.83,60
88035441330220,2461,2420,AAPL,143.12,20
88035441336134,2463,2420,AAPL,143.12,140
88035441337394,2465,2420,AAPL,143.12,20
88035441337704,2465,2414,AAPL,143.16,20
88035441337984,2465,2456,AAPL,143.31,100
88035441338335,2465,2458,AAPL,143.36,40
88035441339927,2467,2458,AAPL,143.36,100
88035441340375,2467,2416,AAPL,143.38,20
88035441342820,2471,2416,AAPL,143.38,80
88035441343045,2471,2470,AAPL,143.44,20
88035441344364,2473,2470,AAPL,143.44,140
88035441345582,2475,2470,AAPL,143.44,20
88035441345814,2475,2468,AAPL,143.56,140
88035441346129,2475,2460,AAPL,143.88,20
88035441347596,2477,2460,AAPL,143.88,120
88035441349047,2479,2460,AAPL,143.88,40
88035441349254,2479,2464,AAPL,144.14,120
88035441350901,2481,2464,AAPL,144.14,40
88035441351143,2481,2472,AAPL,144.16,60
88035441352820,2483,2472,AAPL,144.16,60
88035441353032,2483,2466,AAPL,144.21,80
88035441354499,2485,2466,AAPL,144.21,20
88035441354761,2485,2462,AAPL,144.32,120
88035441355276,2485,2388,AAPL,144.36,40
88035441356822,2487,2388,AAPL,144.36,80
88035441357090,2487,2474,AAPL,144.42,40
88035441360457,2489,2474,AAPL,144.42,120
88035441360964,2489,2312,AAPL,144.49,40
88035441362456,2491,2312,AAPL,144.49,80
88035441362845,2491,2332,AAPL,144.54,20
88035441364453,2493,2332,AAPL,144.54,100
88035441364841,2493,2386,AAPL,144.54,40
88035441366231,2495,2386,AAPL,144.54,60
88035441366548,2495,2384,AAPL,144.54,120
88035441370029,2497,2384,AAPL,144.54,40
88035441370299,2497,2380,AAPL,144.65,80
88035441371728,2499,2380,AAPL,144.65,100
88035441372055,2499,2334,AAPL,144.69,60
88035441373468,2501,2334,AAPL,144.69,100
88035441375068,2503,2476,AAPL,144.76,100
88035441375409,2503,2378,AAPL,144.78,40
88035441377045,2505,2378,AAPL,144.78,100
88035441377342,2505,2352,AAPL,144.85,80
88035441378705,2507,2352,AAPL,144.85,40
88035441379014,2507,2044,AAPL,144.95,80
88035441380533,2509,2044,AAPL,144.95,80
88035441381021,2509,2340,AAPL,144.96,80
88035441382394,2511,2340,AAPL,144.96,100
88035441383753,2513,2336,AAPL,145.00,100
88035441384153,2513,2348,AAPL,145.08,40
88035441385545,2515,2348,AAPL,145.08,100
88035441385877,2515,2366,AAPL,145.08,80
88035441389077,2517,2366,AAPL,145.08,20
88035441389392,2517,2374,AAPL,145.09,100
88035441390884,2519,2374,AAPL,145.09,60
88035441391140,2519,2382,AAPL,145.10,100
88035441392531,2521,2382,AAPL,145.10,20
88035441392858,2521,2372,AAPL,145.13,80
88035441394306,2523,2372,AAPL,145.13,40
88035441394556,2523,2032,AAPL,145.16,40
88035441395054,2523,2342,AAPL,145.17,60
88035441397667,2527,2524,AAPL,145.13,120
88035441398868,2529,2524,AAPL,145.13,40
88035441399104,2529,2526,AAPL,145.15,100
88035441399419,2529,2342,AAPL,145.17,20
88035441401111,2531,2342,AAPL,145.17,40
88035441401392,2531,2506,AAPL,145.22,60
88035441402990,2533,2506,AAPL,145.22,40
88035441403220,2533,2350,AAPL,145.22,100
88035441405028,2535,2350,AAPL,145.22,80
88035441405290,2535,2478,AAPL,145.23,100
88035441406642,2537,2478,AAPL,145.23,40
88035441406865,2537,2338,AAPL,145.26,80
88035441408216,2539,2338,AAPL,145.26,60
88035441408584,2539,2376,AAPL,145.28,100
88035441410142,2541,2368,AAPL,145.29,100
88035441413277,2543,2368,AAPL,145.29,40
88035441414235,2543,2544,AAPL,144.99,100
88035441416489,2547,2548,AAPL,144.57,120
88035441416708,2525,2548,AAPL,144.57,20
88035441418126,2525,2550,AAPL,144.30,160
88035441418375,2545,2550,AAPL,144.30,20
88035441419890,2545,2552,AAPL,144.23,120
88035441421168,2545,2554,AAPL,144.62,40
88035441422473,2551,2556,AAPL,144.38,100
88035441423847,2549,2558,AAPL,143.87,140
88035441425028,2549,2560,AAPL,143.78,20
88035441425295,2557,2560,AAPL,143.78,120
88035441425581,2553,2560,AAPL,143.78,40
88035441429261,2553,2562,AAPL,143.68,100
88035441429524,2555,2562,AAPL,143.68,20
88035441432853,2555,2564,AAPL,143.94,160
88035441434133,2565,2566,AAPL,144.25,100
88035441435278,2565,2568,AAPL,144.12,80
88035441435536,2567,2568,AAPL,144.12,60
88035441436875,2567,2570,AAPL,143.72,60
88035441437102,2561,2570,AAPL,143.72,100
88035441437437,2569,2570,AAPL,143.72,20
88035441438947,2569,2572,AAPL,142.98,120
88035441440110,2569,2574,AAPL,143.17,20
88035441440379,2563,2574,AAPL,143.17,140
88035441441803,2559,2576,AAPL,142.89,100
88035441442915,2559,2578,AAPL,143.42,60
88035441443699,2579,2578,AAPL,143.42,80
88035441445374,2579,2582,AAPL,143.82,80
88035441447042,2585,2582,AAPL,143.82,40
88035441447261,2585,2580,AAPL,143.90,140
88035441452877,2587,2580,AAPL,143.90,40
88035441453122,2587,2584,AAPL,144.07,80
88035441454532,2589,2584,AAPL,144.07,80
88035441454778,2589,2586,AAPL,144.14,80
88035441456178,2591,2586,AAPL,144.14,20
88035441456413,2591,2554,AAPL,144.62,80
88035441457880,2593,2554,AAPL,144.62,40
88035441458115,2593,2546,AAPL,144.93,100
88035441459723,2595,2588,AAPL,144.97,140
88035441459964,2595,2544,AAPL,144.99,40
88035441461410,2597,2544,AAPL,144.99,20
88035441461686,2597,2508,AAPL,145.33,100
88035441463442,2599,2508,AAPL,145.33,40
88035441463685,2599,2520,AAPL,145.34,120
88035441465028,2601,2520,AAPL,145.34,60
88035441465431,2601,2344,AAPL,145.35,40
88035441467471,2603,2344,AAPL,145.35,120
88035441467735,2603,2038,AAPL,145.35,20
88035441469227,2605,2038,AAPL,145.35,120
88035441469441,2605,2590,AAPL,145.41,60
88035441470940,2607,2590,AAPL,145.41,120
88035441472269,2609,2528,AAPL,145.41,140
88035441472493,2609,2518,AAPL,145.41,20
88035441473859,2611,2518,AAPL,145.41,100
88035441475781,2613,2518,AAPL,145.41,20
88035441476010,2613,2370,AAPL,145.42,120
88035441479990,2615,2370,AAPL,145.42,60
88035441480267,2615,2542,AAPL,145.44,120
88035441482232,2617,2034,AAPL,145.48,120
88035441483819,2619,2034,AAPL,145.48,40
88035441484017,2619,2516,AAPL,145.50,100
88035441484398,2619,2530,AAPL,145.51,20
88035441486246,2621,2530,AAPL,145.51,100
88035441487610,2623,2530,AAPL,145.51,60
88035441487834,2623,2490,AAPL,145.54,80
88035441489203,2625,2490,AAPL,145.54,100
88035441489459,2625,2522,AAPL,145.55,80
88035441491028,2627,2522,AAPL,145.55,40
88035441491245,2627,2500,AAPL,145.61,80
88035441492626,2629,2500,AAPL,145.61,100
88035441492852,2629,2540,AAPL,145.64,60
88035441494246,2631,2540,AAPL,145.64,100
88035441495489,2633,2540,AAPL,145.64,20
88035441495750,2633,2504,AAPL,145.70,120
88035441497198,2635,2504,AAPL,145.70,40
88035441497428,2635,2538,AAPL,145.71,140
88035441498799,2637,2480,AAPL,145.71,120
88035441500015,2639,2480,AAPL,145.71,60
88035441500330,2639,1990,AAPL,145.86,100
88035441503820,2641,1990,AAPL,145.86,20
88035441504127,2641,2510,AAPL,145.92,80
88035441505606,2643,2510,AAPL,145.92,100
88035441505867,2643,2532,AAPL,145.93,40
88035441507919,2645,2646,AAPL,145.24,100
88035441509090,2645,2648,AAPL,145.19,80
88035441510338,2647,2650,AAPL,144.61,120
88035441510609,2649,2650,AAPL,144.61,60
88035441512530,2653,2652,AAPL,145.17,120
88035441512765,2653,2648,AAPL,145.19,20
88035441514230,2655,2648,AAPL,145.19,40
88035441514456,2655,2654,AAPL,145.54,140
88035441515861,2657,2656,AAPL,145.47,100
88035441516109,2657,2654,AAPL,145.54,20
88035441518184,2659,2660,AAPL,145.28,160
88035441518966,2661,2660,AAPL,145.28,20
88035441519686,2661,2662,AAPL,145.30,80
88035441520443,2663,2662,AAPL,145.30,40
88035441523325,2663,2664,AAPL,145.45,100
88035441524152,2665,2664,AAPL,145.45,60
88035441525896,2667,2668,AAPL,145.51,120
88035441526666,2669,2668,AAPL,145.51,20
88035441526927,2669,2666,AAPL,145.79,100
88035441528325,2671,2644,AAPL,145.90,100
88035441531218,2669,2672,AAPL,145.73,40
88035441533129,2675,2674,AAPL,145.54,160
88035441533924,2675,2676,AAPL,145.61,20
88035441535121,2677,2678,AAPL,145.22,120
88035441535345,2673,2678,AAPL,145.22,20
88035441537712,2673,2682,AAPL,145.25,120
88035441538950,2683,2684,AAPL,145.27,140
88035441539223,2665,2684,AAPL,145.27,20
88035441542605,2665,2686,AAPL,144.78,100
88035441543890,2681,2688,AAPL,144.58,100
88035441544118,2679,2688,AAPL,144.58,40
88035441545496,2679,2690,AAPL,143.99,120
88035441545733,2685,2690,AAPL,143.99,60
88035441547091,2685,2692,AAPL,144.64,120
88035441548439,2693,2694,AAPL,145.04,140
88035441549243,2695,2694,AAPL,145.04,20
88035441550079,2695,2696,AAPL,144.94,100
88035441551205,2695,2698,AAPL,144.47,60
88035441551482,2651,2698,AAPL,144.47,80
88035441553026,2651,2700,AAPL,144.47,20
88035441553334,2649,2700,AAPL,144.47,100
88035441553669,2687,2700,AAPL,144.47,60
88035441555310,2687,2702,AAPL,144.58,60
88035441555606,2701,2702,AAPL,144.58,60
88035441558161,2703,2706,AAPL,144.63,100
88035441559337,2703,2708,AAPL,143.73,40
88035441559558,2705,2708,AAPL,143.73,100
88035441563088,2705,2710,AAPL,143.75,80
88035441563355,2701,2710,AAPL,143.75,40
88035441563689,2697,2710,AAPL,143.75,60
88035441565218,2697,2712,AAPL,144.24,60
88035441565443,2689,2712,AAPL,144.24,60
88035441567869,2715,2716,AAPL,144.88,100
88035441569031,2715,2718,AAPL,144.61,80
88035441569773,2719,2718,AAPL,144.61,60
88035441570441,2719,2720,AAPL,144.34,100
88035441570633,2717,2720,AAPL,144.34,80
88035441572468,2723,2722,AAPL,144.66,120
88035441573309,2723,2724,AAPL,144.86,20
88035441575616,2721,2728,AAPL,144.32,100
88035441575875,2717,2728,AAPL,144.32,40
88035441577286,2725,2730,AAPL,143.72,180
88035441578544,2727,2732,AAPL,143.08,120
88035441581713,2713,2734,AAPL,143.91,140
88035441581918,2689,2734,AAPL,143.91,20
88035441584275,2689,2738,AAPL,144.26,80
88035441585274,2739,2738,AAPL,144.26,60
88035441586489,2741,2736,AAPL,144.48,100
88035441587728,2743,2742,AAPL,144.56,120
88035441587970,2743,2740,AAPL,144.72,20
88035441589413,2745,2740,AAPL,144.72,160
88035441590307,2745,2746,AAPL,144.40,20
88035441590569,2739,2746,AAPL,144.40,80
88035441592040,2739,2748,AAPL,143.48,20
88035441592300,2711,2748,AAPL,143.48,100
88035441592624,2691,2748,AAPL,143.48,20
88035441594222,2691,2750,AAPL,143.28,80
88035441594455,2735,2750,AAPL,143.28,100
88035441595847,2735,2752,AAPL,143.29,80
88035441596054,2707,2752,AAPL,143.29,40
88035441597593,2707,2754,AAPL,143.06,80
88035441597826,2737,2754,AAPL,143.06,80
88035441599320,2737,2756,AAPL,143.12,40
88035441599539,2699,2756,AAPL,143.12,60
88035441602809,2699,2758,AAPL,143.25,100
88035441603105,2747,2758,AAPL,143.25,40
88035441604753,2747,2760,AAPL,143.51,80
88035441605014,2729,2760,AAPL,143.51,100
88035441607363,2729,2764,AAPL,143.12,60
88035441607608,2761,2764,AAPL,143.12,100
88035441609089,2583,2766,AAPL,143.49,100
88035441611277,2767,2770,AAPL,142.80,120
88035441611560,2583,2770,AAPL,142.80,40
88035441611849,2581,2770,AAPL,142.80,20
88035441615530,2581,2772,AAPL,142.68,80
88035441615798,2763,2772,AAPL,142.68,40
88035441617134,2763,2774,AAPL,142.85,100
88035441617353,2751,2774,AAPL,142.85,60
88035441618748,2751,2776,AAPL,143.38,40
88035441619116,2731,2776,AAPL,143.38,60
88035441619986,2777,2768,AAPL,143.77,120
88035441621770,2779,2780,AAPL,143.13,160
88035441621983,2731,2780,AAPL,143.13,20
88035441625027,2731,2782,AAPL,143.25,20
88035441625278,2733,2782,AAPL,143.25,100
88035441627257,2785,2768,AAPL,143.77,20
88035441627475,2785,2778,AAPL,143.79,140
88035441627852,2785,2762,AAPL,143.85,20
88035441628756,2783,2786,AAPL,143.61,100
88035441630215,2783,2788,AAPL,143.12,40
88035441630511,2733,2788,AAPL,143.12,40
88035441630863,2787,2788,AAPL,143.12,60
88035441632935,2791,2790,AAPL,143.46,100
88035441634167,2793,2790,AAPL,143.46,80
88035441634439,2793,2792,AAPL,143.53,60
88035441635939,2795,2792,AAPL,143.53,60
88035441636199,2795,2762,AAPL,143.85,100
88035441637211,2795,2796,AAPL,143.38,20
88035441638036,2797,2796,AAPL,143.38,80
88035441638742,2797,2798,AAPL,143.39,40
88035441640025,2787,2800,AAPL,143.08,60
88035441640268,2571,2800,AAPL,143.08,100
88035441640565,2575,2800,AAPL,143.08,20
88035441642108,2575,2802,AAPL,142.90,120
88035441643851,2805,2798,AAPL,143.39,100
88035441644099,2805,2804,AAPL,143.65,80
88035441647597,2807,2804,AAPL,143.65,80
88035441648463,2807,2808,AAPL,143.34,40
88035441649721,2809,2810,AAPL,143.06,160
88035441649929,2803,2810,AAPL,143.06,20
88035441651407,2803,2812,AAPL,142.58,120
88035441652898,2575,2814,AAPL,141.99,40
88035441653103,2769,2814,AAPL,141.99,120
88035441654587,2769,2816,AAPL,142.17,40
88035441654839,2709,2816,AAPL,142.17,60
88035441656176,2709,2818,AAPL,142.72,100
88035441656429,2577,2818,AAPL,142.72,40
88035441657810,2577,2820,AAPL,142.74,80
88035441658038,2573,2820,AAPL,142.74,100
88035441659900,2823,2808,AAPL,143.34,100
88035441660127,2823,2822,AAPL,143.36,40
88035441661970,2573,2826,AAPL,143.17,40
88035441662199,2789,2826,AAPL,143.17,60
88035441663583,2827,2828,AAPL,143.03,120
88035441663851,2789,2828,AAPL,143.03,20
88035441666651,2789,2830,AAPL,142.86,80
88035441666947,2825,2830,AAPL,142.86,100
88035441668295,2825,2832,AAPL,142.64,80
88035441668546,2469,2832,AAPL,142.64,40
88035441669971,2469,2834,AAPL,142.87,120
88035441670190,2801,2834,AAPL,142.87,40
88035441671566,2801,2836,AAPL,142.43,60
88035441671797,2749,2836,AAPL,142.43,40
88035441673281,2749,2838,AAPL,142.06,120
88035441673559,2753,2838,AAPL,142.06,20
88035441674890,2753,2840,AAPL,142.65,120
88035441675111,2765,2840,AAPL,142.65,60
88035441676409,2765,2842,AAPL,142.94,120
88035441677697,2799,2844,AAPL,142.61,160
88035441679252,2759,2846,AAPL,142.26,100
88035441680399,2759,2848,AAPL,142.97,60
88035441680661,2781,2848,AAPL,142.97,80
88035441682155,2781,2850,AAPL,142.58,20
88035441682452,2819,2850,AAPL,142.58,160
88035441684148,2775,2852,AAPL,141.85,120
88035441685539,2775,2854,AAPL,142.43,60
88035441685760,2821,2854,AAPL,142.43,100
88035441692475,2755,2858,AAPL,142.11,140
88035441693773,2755,2860,AAPL,142.68,40
88035441694054,2757,2860,AAPL,142.68,120
88035441694405,2835,2860,AAPL,142.68,20
88035441696089,2835,2862,AAPL,142.42,120
88035441697453,2835,2864,AAPL,141.76,40
88035441697688,2855,2864,AAPL,141.76,120
88035441699143,2855,2866,AAPL,142.00,60
88035441699405,2849,2866,AAPL,142.00,40
88035441700878,2849,2868,AAPL,141.66,120
88035441701111,2829,2868,AAPL,141.66,20
88035441702615,2829,2870,AAPL,141.80,140
88035441702889,2843,2870,AAPL,141.80,40
88035441704624,2843,2872,AAPL,141.42,100
88035441704852,2773,2872,AAPL,141.42,20
88035441707227,2773,2874,AAPL,140.62,120
88035441707457,2811,2874,AAPL,140.62,40
88035441709264,2811,2876,AAPL,140.36,60
88035441709503,2771,2876,AAPL,140.36,40
88035441710990,2771,2878,AAPL,140.71,60
88035441711221,2831,2878,AAPL,140.71,80
88035441715064,2831,2880,AAPL,140.69,20
88035441715316,2841,2880,AAPL,140.69,100
88035441715721,2847,2880,AAPL,140.69,60
88035441717420,2847,2882,AAPL,141.04,60
88035441717655,2857,2882,AAPL,141.04,60
88035441719572,2857,2884,AAPL,140.81,60
88035441719815,2859,2884,AAPL,140.81,100
88035441721383,2859,2886,AAPL,140.79,60
88035441721619,2817,2886,AAPL,140.79,40
88035441723287,2817,2888,AAPL,140.89,80
88035441723529,2453,2888,AAPL,140.89,60
88035441725070,2453,2890,AAPL,140.35,80
88035441725341,2833,2890,AAPL,140.35,100
88035441726785,2833,2892,AAPL,140.16,40
88035441727114,2429,2892,AAPL,140.16,80
88035441728438,2429,2894,AAPL,140.10,20
88035441728705,2425,2894,AAPL,140.10,140
88035441730058,2425,2896,AAPL,139.59,40
88035441730357,2263,2896,AAPL,139.59,60
88035441731715,2263,2898,AAPL,139.21,80
88035441732037,2435,2898,AAPL,139.21,60
88035441733417,2435,2900,AAPL,139.50,120
88035441733641,2813,2900,AAPL,139.50,60
88035441734978,2813,2902,AAPL,139.11,80
88035441735212,2861,2902,AAPL,139.11,40
88035441736603,2861,2904,AAPL,139.19,60
88035441737153,2305,2904,AAPL,139.19,100
88035441738513,2305,2906,AAPL,139.45,80
88035441738820,2447,2906,AAPL,139.45,20
88035441765736,2447,2908,AAPL,139.41,100
88035441765997,2865,2908,AAPL,139.41,40
88035441767360,2865,2910,AAPL,139.86,140
88035441767676,2303,2910,AAPL,139.86,40
88035441769037,2303,2912,AAPL,140.10,100
88035441769415,2863,2912,AAPL,140.10,20
88035441770810,2863,2914,AAPL,139.80,120
88035441771068,2851,2914,AAPL,139.80,40
88035441772462,2851,2916,AAPL,140.25,60
88035441772786,2433,2916,AAPL,140.25,40
88035441774155,2433,2918,AAPL,140.46,100
88035441774593,2245,2918,AAPL,140.46,40
88035441776124,2839,2920,AAPL,140.18,160
88035441776587,2869,2920,AAPL,140.18,20
88035441778317,2869,2922,AAPL,141.07,120
88035441779726,2869,2924,AAPL,141.67,20
88035441780018,1885,2924,AAPL,141.67,40
88035441780532,1881,2924,AAPL,141.67,100
88035441782681,2927,2926,AAPL,142.36,100
88035441784112,2929,2928,AAPL,142.77,140
88035441785473,2931,2856,AAPL,142.86,100
88035441796141,2933,2932,AAPL,143.00,120
88035441799144,2933,2934,AAPL,142.98,20
88035441801067,2937,2936,AAPL,142.85,100
88035441801325,2937,2934,AAPL,142.98,20
88035441803255,2939,2940,AAPL,142.75,160
88035441803499,2929,2940,AAPL,142.75,20
88035441804995,2935,2942,AAPL,142.42,120
88035441806219,2935,2944,AAPL,141.82,60
88035441806464,2941,2944,AAPL,141.82,100
88035441808151,2927,2946,AAPL,141.28,20
88035441808462,2943,2946,AAPL,141.28,80
88035441810004,2943,2948,AAPL,140.99,60
88035441810426,637,2948,AAPL,140.99,80
88035441812156,637,2950,AAPL,141.19,40
88035441812538,2845,2950,AAPL,141.19,140
88035441814279,2845,2952,AAPL,141.69,40
88035441814510,2867,2952,AAPL,141.69,80
88035441815990,2867,2954,AAPL,141.13,40
88035441816234,2925,2954,AAPL,141.13,120
88035441817716,2925,2956,AAPL,141.84,60
88035441818100,2105,2956,AAPL,141.84,40
88035441821589,2105,2958,AAPL,141.78,140
88035441824117,2959,2962,AAPL,141.47,120
88035441825561,2959,2964,AAPL,142.13,40
88035441826949,1879,2966,AAPL,141.49,100
88035441828112,1879,2968,AAPL,141.53,60
88035441828351,2409,2968,AAPL,141.53,80
88035441829908,2409,2970,AAPL,141.98,80
88035441830292,2207,2970,AAPL,141.98,100
88035441832033,2207,2972,AAPL,141.56,20
88035441832271,2097,2972,AAPL,141.56,100
88035441834224,2975,2964,AAPL,142.13,120
88035441834517,2975,2974,AAPL,142.20,60
88035441835856,2977,2974,AAPL,142.20,100
88035441836103,2977,2960,AAPL,142.31,20
88035441839674,2979,2960,AAPL,142.31,160
88035441841103,2981,2978,AAPL,142.97,100
88035441842261,2983,2978,AAPL,142.97,40
88035441842549,2983,2934,AAPL,142.98,100
88035441843951,2985,2984,AAPL,142.68,160
88035441844216,2985,2934,AAPL,142.98,20
88035441845768,2987,2938,AAPL,143.03,120
88035441847968,2991,2938,AAPL,143.03,20
88035441848249,2991,2988,AAPL,143.04,80
88035441849741,2993,2988,AAPL,143.04,60
88035441851155,2995,2976,AAPL,143.10,100
88035441851400,2995,2992,AAPL,143.15,80
88035441852955,2997,2992,AAPL,143.15,40
88035441853370,2997,2990,AAPL,143.16,80
88035441854825,2999,2990,AAPL,143.16,100
88035441855081,2999,2930,AAPL,143.16,60
88035441856423,3001,2930,AAPL,143.16,100
88035441859666,3003,2930,AAPL,143.16,20
88035441859940,3003,2996,AAPL,143.22,100
88035441860263,3003,2824,AAPL,143.34,20
88035441862934,3007,2824,AAPL,143.34,120
88035441864231,3009,2824,AAPL,143.34,20
88035441864456,3009,2986,AAPL,143.35,100
88035441864772,3009,2822,AAPL,143.36,40
88035441867296,3013,2822,AAPL,143.36,40
88035441867558,3013,2980,AAPL,143.40,100
88035441869000,3015,2980,AAPL,143.40,80
88035441869246,3015,3004,AAPL,143.46,100
88035441870661,3017,3004,AAPL,143.46,60
88035441870895,3017,2994,AAPL,143.52,60
88035441872296,3019,2994,AAPL,143.52,100
88035441872553,3019,2982,AAPL,143.54,60
88035441874385,3021,3022,AAPL,143.23,100
88035441875672,3011,3024,AAPL,142.76,100
88035441875905,3005,3024,AAPL,142.76,60
88035441879287,3005,3026,AAPL,142.59,100
88035441880561,3005,3028,AAPL,143.06,20
88035441880815,2993,3028,AAPL,143.06,80
88035441881795,3029,3028,AAPL,143.06,40
88035441882021,3029,3022,AAPL,143.23,20
88035441884692,3029,3030,AAPL,143.14,100
88035441885620,3031,3030,AAPL,143.14,80
88035441886914,3033,3032,AAPL,143.39,120
88035441887833,3033,3034,AAPL,143.23,20
88035441888099,3031,3034,AAPL,143.23,20
88035441889554,3025,3036,AAPL,142.72,100
88035441890854,3025,3038,AAPL,142.73,80
88035441891058,2989,3038,AAPL,142.73,60
88035441892510,2989,3040,AAPL,142.81,100
88035441893909,3035,3042,AAPL,142.42,120
88035441895235,3035,3044,AAPL,142.76,60
88035441895512,3023,3044,AAPL,142.76,100
88035441896404,3045,3040,AAPL,142.81,80
88035441897732,3047,3034,AAPL,143.23,120
88035441898994,3049,3048,AAPL,143.15,140
88035441902417,3051,3050,AAPL,143.33,100
88035441904134,3049,3054,AAPL,143.29,20
88035441905585,3053,3056,AAPL,142.55,100
88035441906809,3053,3058,AAPL,142.79,40
88035441907114,3045,3058,AAPL,142.79,100
88035441909149,3061,3060,AAPL,142.85,100
88035441910365,3063,3060,AAPL,142.85,80
88035441910601,3063,3062,AAPL,143.28,60
88035441912480,3065,3066,AAPL,142.85,100
88035441917102,3071,3068,AAPL,142.98,100
88035441918282,3073,3068,AAPL,142.98,40
88035441918499,3073,3062,AAPL,143.28,60
88035441918853,3073,3054,AAPL,143.29,40
88035441922176,3075,3054,AAPL,143.29,100
88035441922436,3075,3064,AAPL,143.32,80
88035441923989,3077,3064,AAPL,143.32,80
88035441924229,3077,3050,AAPL,143.33,40
