Timestamp,BuyOrderID,SellOrderID,Symbol,Price,Quantity
88035479350909,2,1,GOOGL,109.60,50
88035479356023,5,4,GOOGL,110.43,80
88035479358986,8,7,GOOGL,110.68,110
88035479360838,8,10,GOOGL,110.64,10
88035479361733,9,10,GOOGL,110.64,130
88035479364956,11,13,GOOGL,111.03,50
88035479366916,15,13,GOOGL,111.03,20
88035479368157,15,16,GOOGL,110.88,70
88035479368534,14,16,GOOGL,110.88,30
88035479371561,17,19,GOOGL,111.01,110
88035479372699,20,19,GOOGL,111.01,20
88035479378528,26,25,GOOGL,111.11,90
88035479380624,26,28,GOOGL,111.09,10
88035479381025,20,28,GOOGL,111.09,110
88035479383825,20,31,GOOGL,110.54,10
88035479384321,27,31,GOOGL,110.54,40
88035479387158,27,34,GOOGL,110.40,70
88035479387539,29,34,GOOGL,110.40,10
88035479390477,29,37,GOOGL,110.16,110
88035479393297,29,40,GOOGL,110.41,10
88035479393676,18,40,GOOGL,110.41,120
88035479394141,14,40,GOOGL,110.41,10
88035479578444,14,43,GOOGL,109.85,40
88035479579498,21,43,GOOGL,109.85,30
88035479583785,21,46,GOOGL,110.35,20
88035479584609,23,46,GOOGL,110.35,70
88035479585350,30,46,GOOGL,110.35,10
88035479591190,30,49,GOOGL,109.72,130
88035479594496,12,52,GOOGL,109.46,60
88035479597788,24,55,GOOGL,109.57,80
88035479598181,5,55,GOOGL,109.57,10
88035479601861,6,58,GOOGL,109.59,100
88035479602476,41,58,GOOGL,109.59,20
88035479605866,41,61,GOOGL,109.53,30
88035479606535,45,61,GOOGL,109.53,20
88035479609844,45,64,GOOGL,109.25,70
88035479610384,38,64,GOOGL,109.25,10
88035479613193,38,67,GOOGL,108.75,110
88035479616234,32,70,GOOGL,108.74,60
88035479616712,35,70,GOOGL,108.74,80
88035479619784,35,73,GOOGL,108.84,10
88035479620516,39,73,GOOGL,108.84,60
88035479633116,39,76,GOOGL,109.11,70
88035479633652,3,76,GOOGL,109.11,30
88035479636206,3,79,GOOGL,109.42,40
88035479636842,44,79,GOOGL,109.42,80
88035479637421,36,79,GOOGL,109.42,10
88035479640213,36,82,GOOGL,108.86,60
88035479642396,36,85,GOOGL,108.83,30
88035479642764,47,85,GOOGL,108.83,60
88035479645131,47,88,GOOGL,109.07,50
88035479645577,42,88,GOOGL,109.07,60
88035479646112,33,88,GOOGL,109.07,10
88035479648871,33,91,GOOGL,108.90,50
88035479653943,33,94,GOOGL,108.75,10
88035479654350,54,94,GOOGL,108.75,70
88035479656854,54,97,GOOGL,108.36,10
88035479657203,78,97,GOOGL,108.36,100
88035479695238,78,100,GOOGL,108.20,20
88035479695723,48,100,GOOGL,108.20,120
88035479698916,2,103,GOOGL,108.33,10
88035479699358,59,103,GOOGL,108.33,60
88035479702359,59,106,GOOGL,107.64,70
88035479702775,57,106,GOOGL,107.64,30
88035479705707,57,109,GOOGL,106.86,80
88035479937618,60,109,GOOGL,106.86,50
88035479943510,60,112,GOOGL,106.71,60
88035479946437,60,115,GOOGL,107.50,30
88035479946938,50,115,GOOGL,107.50,60
88035479960192,50,118,GOOGL,107.11,80
88035479960857,77,118,GOOGL,107.11,40
88035479964471,77,121,GOOGL,107.06,50
88035479967606,77,124,GOOGL,107.04,20
88035479968172,53,124,GOOGL,107.04,60
88035479971714,53,127,GOOGL,107.09,10
88035479972420,75,127,GOOGL,107.09,90
88035479973087,63,127,GOOGL,107.09,10
88035479976721,63,130,GOOGL,107.11,60
88035479977439,62,130,GOOGL,107.11,60
88035479978087,51,130,GOOGL,107.11,20
88035479981248,51,133,GOOGL,107.11,30
88035479981768,66,133,GOOGL,107.11,40
88035479985268,66,136,GOOGL,106.85,60
88035479985664,56,136,GOOGL,106.85,40
88035479988639,56,139,GOOGL,107.41,60
88035479989097,80,139,GOOGL,107.41,70
88035479992174,80,142,GOOGL,107.29,60
88035479994843,80,145,GOOGL,106.92,10
88035479995204,65,145,GOOGL,106.92,80
88035479998576,65,148,GOOGL,107.46,10
88035479999212,74,148,GOOGL,107.46,80
88035479999978,96,148,GOOGL,107.46,30
88035480003226,96,151,GOOGL,107.55,50
88035480006192,96,154,GOOGL,107.52,20
88035480006689,89,154,GOOGL,107.52,60
88035480009940,89,157,GOOGL,108.69,70
88035480010449,68,157,GOOGL,108.69,40
88035480013857,158,160,GOOGL,108.57,120
88035480014330,159,160,GOOGL,108.57,20
88035480017662,159,163,GOOGL,108.48,70
88035480020531,159,166,GOOGL,108.30,40
88035480020955,68,166,GOOGL,108.30,60
88035480024147,68,169,GOOGL,108.35,20
88035480024666,162,169,GOOGL,108.35,60
88035480025257,86,169,GOOGL,108.35,50
88035480028733,86,172,GOOGL,107.21,50
88035480029238,87,172,GOOGL,107.21,10
88035480031998,87,175,GOOGL,107.85,90
88035480034485,87,178,GOOGL,107.62,10
88035480034885,71,178,GOOGL,107.62,50
88035480035441,90,178,GOOGL,107.62,60
88035480038455,90,181,GOOGL,107.91,50
88035480041210,90,184,GOOGL,107.72,30
88035480041566,81,184,GOOGL,107.72,50
88035480044635,168,187,GOOGL,108.01,110
88035480047436,168,190,GOOGL,108.45,10
88035480047793,72,190,GOOGL,108.45,60
88035480048344,95,190,GOOGL,108.45,70
88035480051431,95,193,GOOGL,108.05,20
88035480051970,92,193,GOOGL,108.05,50
88035480054806,92,196,GOOGL,107.21,10
88035480055188,191,196,GOOGL,107.21,50
88035480055656,83,196,GOOGL,107.21,40
88035480076253,83,199,GOOGL,108.09,30
88035480076811,84,199,GOOGL,108.09,80
88035480077520,69,199,GOOGL,108.09,20
88035480081311,69,202,GOOGL,108.15,60
88035480084849,206,205,GOOGL,108.57,90
88035480086930,207,208,GOOGL,109.04,110
88035480087312,206,208,GOOGL,109.04,10
88035480093921,209,211,GOOGL,108.58,50
88035480096055,209,214,GOOGL,107.94,80
88035480098738,210,217,GOOGL,107.77,110
88035480100933,210,220,GOOGL,107.27,30
88035480101313,69,220,GOOGL,107.27,50
88035480101769,101,220,GOOGL,107.27,50
88035480102368,161,220,GOOGL,107.27,10
88035480105766,161,223,GOOGL,106.83,40
88035480106724,93,223,GOOGL,106.83,30
88035480109293,93,226,GOOGL,106.35,40
88035480109706,165,226,GOOGL,106.35,60
88035480115265,165,229,GOOGL,106.76,30
88035480115609,102,229,GOOGL,106.76,60
88035480116131,156,229,GOOGL,106.76,40
88035480119223,156,232,GOOGL,107.24,60
88035480122426,99,235,GOOGL,106.54,90
88035480125186,99,238,GOOGL,106.96,40
88035480125722,98,238,GOOGL,106.96,80
88035480128081,98,241,GOOGL,106.78,40
88035480128547,167,241,GOOGL,106.78,10
88035480130873,167,244,GOOGL,106.38,80
88035480530250,167,247,GOOGL,106.72,20
88035480531992,192,247,GOOGL,106.72,60
88035480532664,164,247,GOOGL,106.72,30
88035480550963,164,250,GOOGL,106.23,50
88035480551480,204,250,GOOGL,106.23,80
88035480552252,201,250,GOOGL,106.23,10
88035480555382,201,253,GOOGL,106.36,40
88035480555934,186,253,GOOGL,106.36,30
88035480558222,186,256,GOOGL,106.31,70
88035480558833,189,256,GOOGL,106.31,30
88035480561365,189,259,GOOGL,106.50,100
88035480561766,212,259,GOOGL,106.50,30
88035480564591,212,262,GOOGL,105.95,30
88035480565319,170,262,GOOGL,105.95,30
88035480567909,170,265,GOOGL,106.10,90
88035480570133,170,268,GOOGL,106.26,20
88035480571320,105,268,GOOGL,106.26,90
88035480572006,215,268,GOOGL,106.26,10
88035480577265,215,271,GOOGL,105.83,50
88035480579666,215,274,GOOGL,105.75,30
88035480580131,155,274,GOOGL,105.75,50
88035480582626,155,277,GOOGL,106.94,40
88035480583158,185,277,GOOGL,106.94,70
88035480585672,185,280,GOOGL,106.80,20
88035480586228,183,280,GOOGL,106.80,70
88035480586690,150,280,GOOGL,106.80,50
88035480589398,150,283,GOOGL,106.88,70
88035480591919,150,286,GOOGL,106.40,20
88035480592362,203,286,GOOGL,106.40,70
88035480593005,104,286,GOOGL,106.40,10
88035480595575,104,289,GOOGL,106.21,70
88035480596068,216,289,GOOGL,106.21,60
88035480601911,216,292,GOOGL,106.80,40
88035480602365,140,292,GOOGL,106.80,20
88035480604775,140,295,GOOGL,105.92,90
88035480606930,140,298,GOOGL,105.79,30
88035480607478,200,298,GOOGL,105.79,90
88035480609769,200,301,GOOGL,105.98,50
88035480612142,176,304,GOOGL,105.85,80
88035480614177,176,307,GOOGL,106.63,20
88035480614992,182,307,GOOGL,106.63,60
88035480615423,218,307,GOOGL,106.63,30
88035480618547,218,310,GOOGL,107.59,90
88035480618982,177,310,GOOGL,107.59,50
88035480625197,311,313,GOOGL,107.84,50
88035480626603,314,313,GOOGL,107.84,20
88035480629162,317,316,GOOGL,109.01,100
88035480631400,320,319,GOOGL,109.76,130
88035480632850,320,322,GOOGL,109.49,10
88035480633212,321,322,GOOGL,109.49,50
88035480635713,323,325,GOOGL,109.23,70
88035480636152,317,325,GOOGL,109.23,10
88035480636683,318,325,GOOGL,109.23,10
88035480639164,318,328,GOOGL,108.76,110
88035480639476,324,328,GOOGL,108.76,10
88035480641809,324,331,GOOGL,108.44,50
88035480644058,324,334,GOOGL,108.59,20
88035480644363,329,334,GOOGL,108.59,60
88035480650247,329,337,GOOGL,108.44,70
88035480650689,333,337,GOOGL,108.44,40
88035480653595,333,340,GOOGL,108.94,30
88035480655593,342,340,GOOGL,108.94,60
88035480657363,344,340,GOOGL,108.94,50
88035480657758,344,343,GOOGL,109.55,30
88035480659031,345,343,GOOGL,109.55,40
88035480660377,345,346,GOOGL,109.49,50
88035480661746,347,346,GOOGL,109.49,50
88035480666783,353,349,GOOGL,110.10,70
88035480667685,354,349,GOOGL,110.10,60
88035480667996,354,352,GOOGL,110.29,20
88035480673846,356,352,GOOGL,110.29,40
88035480674237,356,355,GOOGL,111.11,60
88035480675332,357,355,GOOGL,111.11,30
88035480675683,357,22,GOOGL,111.24,60
88035480678183,360,358,GOOGL,111.86,120
88035480679414,360,361,GOOGL,111.82,20
88035480680997,363,361,GOOGL,111.82,30
88035480683783,363,367,GOOGL,111.02,40
88035480684181,365,367,GOOGL,111.02,70
88035480686826,365,370,GOOGL,110.96,20
88035480687229,359,370,GOOGL,110.96,120
88035480689744,359,373,GOOGL,111.51,10
88035480690059,357,373,GOOGL,111.51,20
88035480692272,375,373,GOOGL,111.51,40
88035480694218,377,376,GOOGL,111.92,100
88035480698014,378,364,GOOGL,112.15,80
88035480699529,380,379,GOOGL,112.75,130
88035480701935,383,382,GOOGL,113.53,60
88035480705397,386,388,GOOGL,113.77,100
88035480705877,384,388,GOOGL,113.77,20
88035480708700,384,391,GOOGL,113.92,50
88035480711817,384,394,GOOGL,113.75,10
88035480712183,393,394,GOOGL,113.75,70
88035480718821,387,397,GOOGL,113.60,110
88035480751804,389,400,GOOGL,113.15,130
88035480752226,392,400,GOOGL,113.15,10
88035480755176,392,403,GOOGL,113.45,50
88035480755767,396,403,GOOGL,113.45,20
88035480759645,408,406,GOOGL,114.21,100
88035480760036,408,385,GOOGL,114.56,20
88035480762474,410,385,GOOGL,114.56,70
88035480762744,410,409,GOOGL,114.98,70
88035480765894,414,412,GOOGL,114.84,60
88035480766309,414,409,GOOGL,114.98,20
88035480768621,416,409,GOOGL,114.98,40
88035480769073,416,415,GOOGL,115.17,60
88035480770336,417,415,GOOGL,115.17,30
88035480772341,419,418,GOOGL,116.17,120
88035480779556,420,421,GOOGL,116.59,50
88035480782713,420,424,GOOGL,116.36,80
88035480785053,420,427,GOOGL,116.70,10
88035480787559,419,430,GOOGL,116.21,10
88035480788028,426,430,GOOGL,116.21,100
88035480788424,423,430,GOOGL,116.21,30
88035480791018,431,433,GOOGL,115.77,50
88035480791415,423,433,GOOGL,115.77,20
88035480794276,423,436,GOOGL,115.60,20
88035480794616,428,436,GOOGL,115.60,80
88035480800347,428,439,GOOGL,115.35,40
88035480800973,432,439,GOOGL,115.35,60
88035480801558,425,439,GOOGL,115.35,30
88035480805168,425,442,GOOGL,115.65,60
88035480809710,447,445,GOOGL,116.57,90
88035480809984,447,427,GOOGL,116.70,20
88035480815032,453,454,GOOGL,116.13,70
88035480815557,449,454,GOOGL,116.13,10
88035480862575,456,451,GOOGL,116.59,50
88035480864049,456,457,GOOGL,116.25,50
88035480864498,449,457,GOOGL,116.25,60
88035480871677,449,460,GOOGL,116.43,60
88035480872178,446,460,GOOGL,116.43,80
88035480875680,464,427,GOOGL,116.70,80
88035480876650,465,463,GOOGL,116.88,70
88035480876978,465,448,GOOGL,116.89,20
88035480879066,467,448,GOOGL,116.89,100
88035480881722,470,469,GOOGL,117.53,130
88035480882020,470,466,GOOGL,117.57,10
88035480883895,471,472,GOOGL,117.12,50
88035480884231,467,472,GOOGL,117.12,10
88035480887134,468,475,GOOGL,116.27,90
88035480889527,468,478,GOOGL,116.95,30
88035480890758,479,478,GOOGL,116.95,90
88035480977445,483,484,GOOGL,117.04,70
88035480978044,479,484,GOOGL,117.04,10
88035480979615,485,481,GOOGL,117.26,50
88035480981430,485,487,GOOGL,116.63,40
88035480981720,479,487,GOOGL,116.63,30
88035480982137,482,487,GOOGL,116.63,40
88035480984863,482,490,GOOGL,115.95,20
88035480985149,486,490,GOOGL,115.95,100
88035480985486,480,490,GOOGL,115.95,20
88035480987705,480,493,GOOGL,115.66,70
88035480989956,480,496,GOOGL,116.19,50
88035480990388,473,496,GOOGL,116.19,50
88035480992741,473,499,GOOGL,116.03,20
88035480993025,474,499,GOOGL,116.03,80
88035480993592,462,499,GOOGL,116.03,30
88035480996357,503,502,GOOGL,116.63,60
88035480998305,506,505,GOOGL,117.05,90
88035480999786,507,508,GOOGL,116.95,110
88035481000053,506,508,GOOGL,116.95,10
88035481002162,509,511,GOOGL,116.82,50
88035481009799,516,514,GOOGL,117.45,80
88035481010096,516,466,GOOGL,117.57,20
88035481011862,518,466,GOOGL,117.57,70
88035481012214,518,517,GOOGL,117.81,50
88035481013352,519,517,GOOGL,117.81,60
88035481014934,521,520,GOOGL,118.60,50
88035481015672,522,520,GOOGL,118.60,60
88035481016843,524,520,GOOGL,118.60,30
88035481017099,524,523,GOOGL,119.06,50
88035481018077,525,523,GOOGL,119.06,20
88035481019450,527,526,GOOGL,119.50,100
88035481020978,527,529,GOOGL,119.07,10
88035481021252,528,529,GOOGL,119.07,120
88035481023350,530,532,GOOGL,118.76,60
88035481025638,536,535,GOOGL,119.38,90
88035481026933,537,538,GOOGL,119.37,110
88035481027162,536,538,GOOGL,119.37,10
88035481029674,542,541,GOOGL,119.64,50
88035481031166,542,544,GOOGL,119.57,10
88035481031975,545,544,GOOGL,119.57,70
88035481033715,548,547,GOOGL,120.19,110
88035481037017,554,550,GOOGL,120.64,80
88035481037771,555,550,GOOGL,120.64,60
88035481037996,555,553,GOOGL,120.64,30
88035481039434,557,553,GOOGL,120.64,40
88035481040841,557,559,GOOGL,120.85,70
88035481041635,560,559,GOOGL,120.85,60
88035481042380,561,556,GOOGL,121.41,50
88035481044183,564,556,GOOGL,121.41,50
88035481044386,564,562,GOOGL,121.44,30
88035481045251,563,565,GOOGL,120.97,70
88035481045544,560,565,GOOGL,120.97,20
88035481047062,567,562,GOOGL,121.44,30
88035481047819,567,568,GOOGL,121.47,80
88035481050215,572,571,GOOGL,121.36,50
88035481050440,572,568,GOOGL,121.47,10
88035481051933,569,574,GOOGL,120.88,80
88035481053737,576,577,GOOGL,121.18,100
88035481053985,569,577,GOOGL,121.18,10
88035481055427,579,568,GOOGL,121.47,30
88035481056165,579,580,GOOGL,121.08,100
88035481056379,578,580,GOOGL,121.08,40
88035481058988,584,583,GOOGL,121.52,70
88035481060232,584,586,GOOGL,121.58,10
88035481062083,587,589,GOOGL,121.44,110
88035481062868,590,589,GOOGL,121.44,20
88035481063071,590,586,GOOGL,121.58,90
88035481064739,590,592,GOOGL,121.30,30
88035481065022,585,592,GOOGL,121.30,30
88035481069137,599,595,GOOGL,122.35,90
88035481070577,599,601,GOOGL,122.36,40
88035481071759,603,601,GOOGL,122.36,10
88035481072003,603,598,GOOGL,122.56,60
88035481074584,605,607,GOOGL,121.93,90
88035481074820,602,607,GOOGL,121.93,20
88035481077290,611,604,GOOGL,122.56,50
88035481078077,612,604,GOOGL,122.56,30
88035481078373,612,598,GOOGL,122.56,30
88035481079731,614,598,GOOGL,122.56,30
88035481079993,614,610,GOOGL,122.67,50
88035481081003,615,610,GOOGL,122.67,90
88035481082275,617,613,GOOGL,123.23,70
88035481082589,617,616,GOOGL,123.79,40
88035481083615,618,616,GOOGL,123.79,60
88035481084558,618,619,GOOGL,123.88,60
88035481085439,620,619,GOOGL,123.88,70
88035481087256,623,622,GOOGL,124.64,60
88035481088601,623,625,GOOGL,124.58,10
88035481088875,624,625,GOOGL,124.58,80
88035481092429,627,631,GOOGL,124.94,50
88035481094202,627,634,GOOGL,124.65,60
88035481094439,626,634,GOOGL,124.65,20
88035481096368,626,637,GOOGL,124.37,80
88035481096590,635,637,GOOGL,124.37,30
88035481098655,635,640,GOOGL,124.93,60
88035481099494,641,640,GOOGL,124.93,50
88035481100245,642,640,GOOGL,124.93,30
88035481100486,642,628,GOOGL,125.23,30
88035481101843,644,628,GOOGL,125.23,80
88035481102576,645,628,GOOGL,125.23,10
88035481102825,645,643,GOOGL,125.46,70
88035481103738,645,646,GOOGL,125.54,10
88035481104528,647,646,GOOGL,125.54,90
88035481105803,648,649,GOOGL,125.75,120
88035481107660,647,652,GOOGL,125.16,20
88035481107938,651,652,GOOGL,125.16,40
88035481109961,651,655,GOOGL,124.97,10
88035481110224,650,655,GOOGL,124.97,80
88035481112247,650,658,GOOGL,125.08,60
88035481112519,656,658,GOOGL,125.08,60
88035481114503,656,661,GOOGL,124.86,40
88035481114768,660,661,GOOGL,124.86,10
88035481116749,662,664,GOOGL,124.91,60
88035481117049,663,664,GOOGL,124.91,20
88035481119428,668,667,GOOGL,125.67,110
88035481119712,668,649,GOOGL,125.75,10
88035481122967,669,673,GOOGL,125.48,70
88035481123728,674,670,GOOGL,125.63,80
88035481124970,675,676,GOOGL,125.09,90
88035481125191,669,676,GOOGL,125.09,10
88035481127319,669,679,GOOGL,125.31,50
88035481127540,677,679,GOOGL,125.31,80
88035481128491,680,670,GOOGL,125.63,60
88035481129813,681,682,GOOGL,125.84,50
88035481131557,680,685,GOOGL,125.47,80
88035481131829,683,685,GOOGL,125.47,10
88035481133875,687,688,GOOGL,125.45,110
88035481134142,683,688,GOOGL,125.45,10
88035481136164,683,691,GOOGL,124.80,50
88035481138116,677,694,GOOGL,123.68,30
88035481138379,666,694,GOOGL,123.68,50
88035481140362,666,697,GOOGL,123.47,50
88035481140638,686,697,GOOGL,123.47,60
88035481142766,686,700,GOOGL,122.77,40
88035481143016,665,700,GOOGL,122.77,90
88035481143413,671,700,GOOGL,122.77,10
88035481145691,671,703,GOOGL,122.75,40
88035481145993,678,703,GOOGL,122.75,30
88035481148438,678,706,GOOGL,123.35,90
88035481148916,663,706,GOOGL,123.35,10
88035481152002,663,709,GOOGL,123.28,40
88035481152406,672,709,GOOGL,123.28,60
88035481152817,660,709,GOOGL,123.28,30
88035481155922,660,712,GOOGL,123.21,60
88035481158430,660,715,GOOGL,123.61,40
88035481158897,684,715,GOOGL,123.61,50
88035481161878,684,718,GOOGL,122.59,30
88035481162220,689,718,GOOGL,122.59,90
88035481165122,689,721,GOOGL,122.45,40
88035481165527,653,721,GOOGL,122.45,10
88035481168125,653,724,GOOGL,122.28,60
88035481168416,654,724,GOOGL,122.28,20
88035481170794,654,727,GOOGL,121.27,60
88035481171144,657,727,GOOGL,121.27,50
88035481176903,657,730,GOOGL,121.55,60
88035481177443,659,730,GOOGL,121.55,80
88035481180613,659,733,GOOGL,120.98,50
88035481181002,629,733,GOOGL,120.98,20
88035481184267,629,736,GOOGL,122.21,100
88035481187107,629,739,GOOGL,122.21,10
88035481187488,690,739,GOOGL,122.21,120
88035481190570,690,742,GOOGL,122.71,20
88035481191072,630,742,GOOGL,122.71,40
88035481194115,630,745,GOOGL,123.03,90
88035481197170,630,748,GOOGL,123.31,10
88035481197632,639,748,GOOGL,123.31,110
88035481200594,639,751,GOOGL,123.86,20
88035481201015,632,751,GOOGL,123.86,30
88035481204174,632,754,GOOGL,123.18,30
88035481204550,636,754,GOOGL,123.18,50
88035481207374,636,757,GOOGL,122.77,50
88035481207814,638,757,GOOGL,122.77,60
88035481210347,638,760,GOOGL,123.62,60
88035481210631,620,760,GOOGL,123.62,70
88035481211064,692,760,GOOGL,123.62,10
88035481213031,692,763,GOOGL,123.48,50
88035481213323,621,763,GOOGL,123.48,20
88035481215475,621,766,GOOGL,123.45,30
88035481215741,633,766,GOOGL,123.45,70
88035481217883,693,769,GOOGL,123.73,70
88035481218667,770,769,GOOGL,123.73,60
88035481221589,771,775,GOOGL,123.60,50
88035481221817,770,775,GOOGL,123.60,40
88035481223232,777,772,GOOGL,124.32,60
88035481267788,783,778,GOOGL,124.43,70
88035481269899,785,778,GOOGL,124.43,50
88035481270440,785,781,GOOGL,124.53,40
88035481272611,786,787,GOOGL,124.32,100
88035481273045,777,787,GOOGL,124.32,10
88035481276309,788,790,GOOGL,123.88,120
88035481276692,777,790,GOOGL,123.88,20
88035481318401,777,793,GOOGL,123.61,20
88035481319343,779,793,GOOGL,123.61,50
88035481322403,779,796,GOOGL,123.03,80
88035481322745,782,796,GOOGL,123.03,20
88035481368424,782,799,GOOGL,123.25,40
88035481368870,789,799,GOOGL,123.25,90
88035481371198,789,802,GOOGL,123.43,40
88035481371586,780,802,GOOGL,123.43,20
88035481373716,780,805,GOOGL,123.84,90
88035481375659,780,808,GOOGL,123.46,30
88035481375996,776,808,GOOGL,123.46,90
88035481378145,776,811,GOOGL,123.37,10
88035481378460,770,811,GOOGL,123.37,40
88035481380712,773,814,GOOGL,122.54,70
88035481380987,807,814,GOOGL,122.54,10
88035481383067,807,817,GOOGL,122.33,100
88035481383370,792,817,GOOGL,122.33,10
88035481385512,792,820,GOOGL,122.49,50
88035481385892,774,820,GOOGL,122.49,80
88035481386321,806,820,GOOGL,122.49,10
88035481391018,806,823,GOOGL,122.35,70
88035481392911,806,826,GOOGL,121.63,20
88035481393318,750,826,GOOGL,121.63,80
88035481395350,750,829,GOOGL,121.24,60
88035481395776,752,829,GOOGL,121.24,60
88035481396238,791,829,GOOGL,121.24,10
88035481398611,791,832,GOOGL,121.25,40
88035481398907,801,832,GOOGL,121.25,20
88035481400923,801,835,GOOGL,121.34,30
88035481401233,794,835,GOOGL,121.34,60
88035481403255,794,838,GOOGL,121.05,20
88035481403540,749,838,GOOGL,121.05,100
88035481405613,749,841,GOOGL,121.06,30
88035481405865,747,841,GOOGL,121.06,20
88035481407787,747,844,GOOGL,121.94,80
88035481409605,747,847,GOOGL,122.35,10
88035481409850,800,847,GOOGL,122.35,100
88035481411962,800,850,GOOGL,121.87,40
88035481412321,768,850,GOOGL,121.87,100
88035481414280,768,853,GOOGL,121.26,20
88035481414604,753,853,GOOGL,121.26,50
88035481416546,753,856,GOOGL,120.97,20
88035481416878,767,856,GOOGL,120.97,80
88035481418957,767,859,GOOGL,120.48,30
88035481419288,804,859,GOOGL,120.48,80
88035481419611,696,859,GOOGL,120.48,20
88035481421686,696,862,GOOGL,120.41,60
88035481423475,696,865,GOOGL,119.65,20
88035481423811,761,865,GOOGL,119.65,50
88035481424141,762,865,GOOGL,119.65,20
88035481426200,762,868,GOOGL,120.28,40
88035481426494,798,868,GOOGL,120.28,80
88035481428577,798,871,GOOGL,119.77,40
88035481428826,812,871,GOOGL,119.77,10
88035481430858,812,874,GOOGL,119.45,50
88035481431120,795,874,GOOGL,119.45,30
88035481433131,795,877,GOOGL,120.07,60
88035481433436,746,877,GOOGL,120.07,50
88035481435559,746,880,GOOGL,119.77,50
88035481435823,759,880,GOOGL,119.77,90
88035481437883,759,883,GOOGL,120.12,40
88035481438234,797,883,GOOGL,120.12,30
88035481440258,797,886,GOOGL,120.12,80
88035481440501,695,886,GOOGL,120.12,20
88035481442446,695,889,GOOGL,120.63,70
88035481442784,758,889,GOOGL,120.63,60
88035481444750,758,892,GOOGL,120.84,60
88035481446774,764,895,GOOGL,119.99,80
88035481447152,711,895,GOOGL,119.99,10
88035481449148,711,898,GOOGL,119.80,40
88035481449551,744,898,GOOGL,119.80,80
88035481451642,714,901,GOOGL,119.13,50
88035481453560,714,904,GOOGL,119.40,30
88035481453819,716,904,GOOGL,119.40,50
88035481455798,716,907,GOOGL,119.77,50
88035481456111,698,907,GOOGL,119.77,60
88035481458056,698,910,GOOGL,120.50,60
88035481458346,708,910,GOOGL,120.50,80
88035481460264,708,913,GOOGL,120.56,40
88035481460571,743,913,GOOGL,120.56,30
88035481462572,743,916,GOOGL,120.90,40
88035481462907,756,916,GOOGL,120.90,60
88035481464883,756,919,GOOGL,120.47,40
88035481465140,810,919,GOOGL,120.47,90
88035481467077,810,922,GOOGL,120.74,50
88035481467371,710,922,GOOGL,120.74,10
88035481469379,710,925,GOOGL,120.36,90
88035481471145,710,928,GOOGL,120.24,40
88035481471398,803,928,GOOGL,120.24,70
88035481471777,809,928,GOOGL,120.24,10
88035481473947,809,931,GOOGL,119.92,50
88035481475750,809,934,GOOGL,119.54,70
88035481476123,705,934,GOOGL,119.54,10
88035481478037,705,937,GOOGL,119.54,80
88035481478409,765,937,GOOGL,119.54,30
88035481480268,765,940,GOOGL,120.19,60
88035481480550,704,940,GOOGL,120.19,80
88035481482467,699,943,GOOGL,120.07,70
88035481484397,699,946,GOOGL,119.12,60
88035481484624,815,946,GOOGL,119.12,40
88035481486595,815,949,GOOGL,118.99,50
88035481486890,707,949,GOOGL,118.99,80
88035481488843,707,952,GOOGL,119.11,30
88035481489188,719,952,GOOGL,119.11,30
88035481491186,719,955,GOOGL,118.70,90
88035481493001,719,958,GOOGL,119.12,10
88035481493273,813,958,GOOGL,119.12,70
88035481493661,755,958,GOOGL,119.12,40
88035481495809,755,961,GOOGL,119.17,50
88035481497820,702,964,GOOGL,118.32,60
88035481498225,713,964,GOOGL,118.32,20
88035481500057,713,967,GOOGL,117.86,50
88035481500322,720,967,GOOGL,117.86,60
88035481502287,720,970,GOOGL,117.73,80
88035481502570,717,970,GOOGL,117.73,60
88035481504561,717,973,GOOGL,117.62,50
88035481504905,821,973,GOOGL,117.62,20
88035481506814,821,976,GOOGL,117.66,30
88035481507061,818,976,GOOGL,117.66,70
88035481509075,818,979,GOOGL,117.15,50
88035481509360,819,979,GOOGL,117.15,80
88035481511304,819,982,GOOGL,116.77,50
88035481511561,816,982,GOOGL,116.77,10
88035481513446,816,985,GOOGL,117.43,90
88035481515441,741,988,GOOGL,117.36,50
88035481515695,723,988,GOOGL,117.36,70
88035481517745,737,991,GOOGL,117.22,50
88035481519631,737,994,GOOGL,117.45,60
88035481519912,822,994,GOOGL,117.45,20
88035481521824,822,997,GOOGL,117.01,40
88035481522070,740,997,GOOGL,117.01,70
88035481523971,740,1000,GOOGL,117.10,70
88035481524217,701,1000,GOOGL,117.10,50
88035481524639,849,1000,GOOGL,117.10,20
88035481526676,849,1003,GOOGL,117.27,70
88035481528465,849,1006,GOOGL,117.69,40
88035481528733,738,1006,GOOGL,117.69,60
88035481530784,738,1009,GOOGL,117.61,60
88035481531082,609,1009,GOOGL,117.61,70
88035481533066,609,1012,GOOGL,116.99,60
88035481534949,602,1015,GOOGL,117.05,40
88035481535257,722,1015,GOOGL,117.05,50
88035481537316,722,1018,GOOGL,116.70,10
88035481537650,597,1018,GOOGL,116.70,110
88035481539630,846,1021,GOOGL,117.73,50
88035481541459,846,1024,GOOGL,118.73,50
88035481541730,594,1024,GOOGL,118.73,30
88035481548059,594,1027,GOOGL,119.37,50
88035481548351,845,1027,GOOGL,119.37,60
88035481550479,845,1030,GOOGL,118.76,30
88035481550727,600,1030,GOOGL,118.76,110
88035481552773,600,1033,GOOGL,118.41,30
88035481553116,848,1033,GOOGL,118.41,40
88035481555214,848,1036,GOOGL,118.78,80
88035481555547,606,1036,GOOGL,118.78,20
88035481557628,606,1039,GOOGL,118.13,80
88035481557862,824,1039,GOOGL,118.13,50
88035481563543,824,1042,GOOGL,117.16,30
88035481563876,596,1042,GOOGL,117.16,30
88035481565985,596,1045,GOOGL,117.98,70
88035481566276,725,1045,GOOGL,117.98,20
88035481568154,725,1048,GOOGL,117.44,70
88035481568537,726,1048,GOOGL,117.44,50
88035481570371,726,1051,GOOGL,117.31,50
88035481572197,735,1054,GOOGL,116.94,80
88035481573966,735,1057,GOOGL,117.86,10
88035481574249,608,1057,GOOGL,117.86,100
88035481578255,608,1060,GOOGL,118.14,20
88035481578593,593,1060,GOOGL,118.14,70
88035481578969,854,1060,GOOGL,118.14,50
88035481580942,854,1063,GOOGL,117.66,30
88035481581210,825,1063,GOOGL,117.66,40
88035481583158,825,1066,GOOGL,117.48,50
88035481583407,843,1066,GOOGL,117.48,50
88035481585267,843,1069,GOOGL,117.88,20
88035481585489,828,1069,GOOGL,117.88,110
88035481587315,828,1072,GOOGL,117.59,10
88035481587676,852,1072,GOOGL,117.59,50
88035481589592,852,1075,GOOGL,117.89,10
88035481589823,732,1075,GOOGL,117.89,60
88035481590175,827,1075,GOOGL,117.89,20
88035481592304,827,1078,GOOGL,117.53,90
88035481592591,731,1078,GOOGL,117.53,30
88035481596323,731,1081,GOOGL,117.06,20
88035481596629,585,1081,GOOGL,117.06,30
88035481598514,585,1084,GOOGL,117.20,30
88035481598739,591,1084,GOOGL,117.20,50
88035481600685,851,1087,GOOGL,117.50,50
88035481600932,729,1087,GOOGL,117.50,60
88035481602850,729,1090,GOOGL,118.34,70
88035481603145,837,1090,GOOGL,118.34,70
88035481605136,837,1093,GOOGL,118.02,40
88035481605570,578,1093,GOOGL,118.02,30
88035481607596,578,1096,GOOGL,118.84,50
88035481607862,836,1096,GOOGL,118.84,50
88035481609947,836,1099,GOOGL,118.73,50
88035481610165,582,1099,GOOGL,118.73,60
88035481610457,588,1099,GOOGL,118.73,20
88035481614829,588,1102,GOOGL,118.61,60
88035481616571,588,1105,GOOGL,118.64,40
88035481616833,842,1105,GOOGL,118.64,50
88035481618775,842,1108,GOOGL,118.28,10
88035481619081,569,1108,GOOGL,118.28,40
88035481619381,573,1108,GOOGL,118.28,70
88035481621508,728,1111,GOOGL,118.42,50
88035481623373,728,1114,GOOGL,118.83,70
88035481623655,575,1114,GOOGL,118.83,10
88035481625542,575,1117,GOOGL,118.96,80
88035481625961,833,1117,GOOGL,118.96,30
88035481630241,833,1120,GOOGL,118.88,40
88035481630541,834,1120,GOOGL,118.88,80
88035481630928,734,1120,GOOGL,118.88,20
88035481632984,734,1123,GOOGL,119.07,60
88035481633261,855,1123,GOOGL,119.07,10
88035481635319,855,1126,GOOGL,119.60,80
88035481635609,560,1126,GOOGL,119.60,20
88035481637439,560,1129,GOOGL,119.42,40
88035481637665,839,1129,GOOGL,119.42,90
88035481639533,839,1132,GOOGL,119.48,40
88035481639879,566,1132,GOOGL,119.48,20
88035481641890,566,1135,GOOGL,119.36,80
88035481642320,581,1135,GOOGL,119.36,10
88035481644177,581,1138,GOOGL,119.33,40
88035481644448,891,1138,GOOGL,119.33,50
88035481644738,890,1138,GOOGL,119.33,30
88035481648868,890,1141,GOOGL,118.90,50
88035481650672,890,1144,GOOGL,119.39,60
88035481650999,923,1144,GOOGL,119.39,20
88035481653090,923,1147,GOOGL,119.71,50
88035481653358,570,1147,GOOGL,119.71,60
88035481655271,570,1150,GOOGL,118.94,80
88035481655650,840,1150,GOOGL,118.94,60
88035481657523,840,1153,GOOGL,119.48,70
88035481659210,840,1156,GOOGL,119.53,10
88035481659462,831,1156,GOOGL,119.53,50
88035481659873,830,1156,GOOGL,119.53,40
88035481663996,830,1159,GOOGL,120.30,100
88035481664274,924,1159,GOOGL,120.30,30
88035481666438,924,1162,GOOGL,120.74,50
88035481667469,1163,1162,GOOGL,120.74,10
88035481669029,1163,1165,GOOGL,120.01,60
88035481669249,929,1165,GOOGL,120.01,30
88035481671231,929,1168,GOOGL,119.77,100
88035481671481,927,1168,GOOGL,119.77,20
88035481673406,927,1171,GOOGL,119.27,50
88035481675116,927,1174,GOOGL,118.67,40
88035481675315,921,1174,GOOGL,118.67,40
88035481677234,921,1177,GOOGL,117.87,10
88035481677497,915,1177,GOOGL,117.87,90
88035481677783,860,1177,GOOGL,117.87,10
88035481679890,860,1180,GOOGL,117.87,130
88035481680308,893,1180,GOOGL,117.87,10
88035481684644,893,1183,GOOGL,117.59,60
88035481684923,558,1183,GOOGL,117.59,10
88035481686854,558,1186,GOOGL,116.93,100
88035481688631,558,1189,GOOGL,116.56,10
88035481689034,548,1189,GOOGL,116.56,10
88035481689349,885,1189,GOOGL,116.56,90
88035481689729,917,1189,GOOGL,116.56,20
88035481691681,917,1192,GOOGL,116.78,60
88035481693453,917,1195,GOOGL,117.73,30
88035481693664,857,1195,GOOGL,117.73,60
88035481695538,857,1198,GOOGL,117.87,50
88035481695798,926,1198,GOOGL,117.87,70
88035481697736,926,1201,GOOGL,117.37,30
88035481698035,551,1201,GOOGL,117.37,20
88035481701983,551,1204,GOOGL,118.11,30
88035481702266,1164,1204,GOOGL,118.11,50
88035481704273,1164,1207,GOOGL,117.67,30
88035481704513,918,1207,GOOGL,117.67,80
88035481706334,918,1210,GOOGL,117.88,40
88035481706608,1160,1210,GOOGL,117.88,100
88035481708472,1160,1213,GOOGL,117.88,40
88035481708727,930,1213,GOOGL,117.88,30
88035481710590,930,1216,GOOGL,118.29,100
88035481712237,930,1219,GOOGL,117.55,10
88035481712567,552,1219,GOOGL,117.55,60
88035481712866,912,1219,GOOGL,117.55,60
88035481714955,1161,1222,GOOGL,117.12,50
88035481715273,908,1222,GOOGL,117.12,10
88035481719386,908,1225,GOOGL,116.76,90
88035481721170,908,1228,GOOGL,116.27,20
88035481721412,920,1228,GOOGL,116.27,100
88035481723664,920,1231,GOOGL,115.82,40
88035481724057,549,1231,GOOGL,115.82,10
88035481725973,549,1234,GOOGL,116.13,80
88035481727937,549,1237,GOOGL,115.76,40
88035481728158,861,1237,GOOGL,115.76,50
88035481728476,914,1237,GOOGL,115.76,20
88035481730464,914,1240,GOOGL,115.34,60
88035481730694,858,1240,GOOGL,115.34,80
88035481732692,858,1243,GOOGL,115.17,40
88035481732957,884,1243,GOOGL,115.17,30
88035481737474,884,1246,GOOGL,115.59,50
88035481737792,894,1246,GOOGL,115.59,50
88035481739660,894,1249,GOOGL,114.79,30
88035481739897,906,1249,GOOGL,114.79,100
88035481741806,888,1252,GOOGL,114.64,60
88035481743592,888,1255,GOOGL,114.57,60
88035481743863,546,1255,GOOGL,114.57,30
88035481745854,546,1258,GOOGL,114.35,70
88035481746105,869,1258,GOOGL,114.35,50
88035481747948,869,1261,GOOGL,114.17,50
88035481749627,869,1264,GOOGL,114.35,30
88035481751932,1166,1264,GOOGL,114.35,50
88035481753898,1166,1267,GOOGL,114.84,50
88035481754125,863,1267,GOOGL,114.84,60
88035481756051,863,1270,GOOGL,114.23,10
88035481756329,939,1270,GOOGL,114.23,130
88035481758232,909,1273,GOOGL,113.86,70
88035481760152,909,1276,GOOGL,113.26,60
88035481760397,870,1276,GOOGL,113.26,40
88035481762366,870,1279,GOOGL,112.11,100
88035481762690,545,1279,GOOGL,112.11,20
88035481763080,911,1279,GOOGL,112.11,10
88035481765048,911,1282,GOOGL,111.79,40
88035481765381,867,1282,GOOGL,111.79,20
88035481767785,867,1285,GOOGL,111.05,90
88035481771640,941,1288,GOOGL,111.93,50
88035481772046,942,1288,GOOGL,111.93,60
88035481772417,879,1288,GOOGL,111.93,10
88035481774370,879,1291,GOOGL,111.30,50
88035481776103,879,1294,GOOGL,110.43,70
88035481776314,1158,1294,GOOGL,110.43,10
88035481778298,1158,1297,GOOGL,109.73,110
88035481780253,938,1300,GOOGL,109.37,120
88035481780619,1155,1300,GOOGL,109.37,20
88035481782656,1155,1303,GOOGL,109.94,70
88035481784467,872,1306,GOOGL,108.97,60
88035481784813,1167,1306,GOOGL,108.97,40
88035481789029,1167,1309,GOOGL,109.14,70
88035481789296,864,1309,GOOGL,109.14,60
88035481791186,864,1312,GOOGL,109.28,20
88035481791474,896,1312,GOOGL,109.28,40
88035481793323,896,1315,GOOGL,109.20,60
88035481793560,878,1315,GOOGL,109.20,30
88035481795466,878,1318,GOOGL,109.12,90
88035481795720,905,1318,GOOGL,109.12,30
88035481797612,905,1321,GOOGL,109.98,50
88035481799348,905,1324,GOOGL,109.98,10
88035481799600,887,1324,GOOGL,109.98,70
88035481801492,887,1327,GOOGL,109.41,40
88035481801704,1169,1327,GOOGL,109.41,70
88035481805721,1169,1330,GOOGL,109.76,60
88035481805998,933,1330,GOOGL,109.76,70
88035481806333,875,1330,GOOGL,109.76,10
88035481808452,875,1333,GOOGL,110.00,70
88035481810174,875,1336,GOOGL,110.08,10
88035481810417,1154,1336,GOOGL,110.08,80
88035481810862,866,1336,GOOGL,110.08,10
88035481812880,866,1339,GOOGL,110.62,90
88035481813150,882,1339,GOOGL,110.62,40
88035481815111,882,1342,GOOGL,110.62,20
88035481815348,873,1342,GOOGL,110.62,40
88035481817223,873,1345,GOOGL,110.33,30
88035481817492,1157,1345,GOOGL,110.33,60
88035481819393,1157,1348,GOOGL,110.24,50
88035481819648,944,1348,GOOGL,110.24,70
88035481823586,944,1351,GOOGL,110.43,10
88035481824051,876,1351,GOOGL,110.43,40
88035481825955,876,1354,GOOGL,109.49,60
88035481826350,1124,1354,GOOGL,109.49,20
88035481828366,1124,1357,GOOGL,108.77,60
88035481828592,1148,1357,GOOGL,108.77,50
88035481830535,1148,1360,GOOGL,109.60,70
88035481830788,935,1360,GOOGL,109.60,70
88035481832746,935,1363,GOOGL,109.71,20
88035481832991,543,1363,GOOGL,109.71,50
88035481834863,543,1366,GOOGL,109.79,20
88035481835206,1170,1366,GOOGL,109.79,80
88035481837035,1170,1369,GOOGL,110.99,60
88035481837249,1137,1369,GOOGL,110.99,70
88035481840812,1137,1372,GOOGL,110.06,40
88035481841133,1133,1372,GOOGL,110.06,20
88035481843189,1133,1375,GOOGL,110.19,50
88035481843419,959,1375,GOOGL,110.19,40
88035481845262,959,1378,GOOGL,109.69,90
88035481845596,932,1378,GOOGL,109.69,30
88035481847593,932,1381,GOOGL,109.48,30
88035481847815,881,1381,GOOGL,109.48,20
88035481849659,881,1384,GOOGL,109.24,30
88035481849908,950,1384,GOOGL,109.24,50
88035481851991,950,1387,GOOGL,109.51,90
88035481852319,899,1387,GOOGL,109.51,20
88035481854106,899,1390,GOOGL,109.99,110
88035481854376,1152,1390,GOOGL,109.99,30
88035481858238,1152,1393,GOOGL,109.92,30
88035481858508,539,1393,GOOGL,109.92,40
88035481860556,539,1396,GOOGL,110.05,90
88035481860868,897,1396,GOOGL,110.05,10
88035481862713,897,1399,GOOGL,109.35,100
88035481863067,540,1399,GOOGL,109.35,30
88035481865019,540,1402,GOOGL,108.10,60
88035481866714,540,1405,GOOGL,108.44,50
88035481867002,1127,1405,GOOGL,108.44,40
88035481869049,1127,1408,GOOGL,109.34,70
88035481869305,900,1408,GOOGL,109.34,50
88035481871212,900,1411,GOOGL,110.56,50
88035481875343,900,1414,GOOGL,110.18,40
88035481875692,947,1414,GOOGL,110.18,40
88035481877620,947,1417,GOOGL,109.93,70
88035481877921,534,1417,GOOGL,109.93,40
88035481879738,534,1420,GOOGL,110.14,40
88035481880033,1125,1420,GOOGL,110.14,90
88035481880327,1145,1420,GOOGL,110.14,10
88035481882422,1145,1423,GOOGL,109.82,70
88035481884198,1145,1426,GOOGL,109.56,10
88035481884451,1146,1426,GOOGL,109.56,90
88035481886437,1146,1429,GOOGL,108.71,10
88035481886680,1149,1429,GOOGL,108.71,120
88035481888566,1149,1432,GOOGL,108.64,10
88035481888820,902,1432,GOOGL,108.64,50
88035481894081,902,1435,GOOGL,109.17,10
88035481894350,1172,1435,GOOGL,109.17,60
88035481894766,945,1435,GOOGL,109.17,20
88035481896866,945,1438,GOOGL,109.39,70
88035481897097,951,1438,GOOGL,109.39,50
88035481899236,936,1441,GOOGL,108.52,50
88035481901002,936,1444,GOOGL,109.20,50
88035481901230,533,1444,GOOGL,109.20,30
88035481903209,533,1447,GOOGL,109.91,40
88035481903598,1128,1447,GOOGL,109.91,70
88035481905432,1128,1450,GOOGL,110.45,50
88035481905683,1119,1450,GOOGL,110.45,90
88035481907541,1119,1453,GOOGL,110.68,40
88035481907814,1151,1453,GOOGL,110.68,30
88035481912119,1151,1456,GOOGL,111.11,20
88035481912417,1118,1456,GOOGL,111.11,80
88035481914385,1118,1459,GOOGL,111.77,40
88035481914620,1130,1459,GOOGL,111.77,90
88035481916625,1130,1462,GOOGL,111.26,50
88035481916959,530,1462,GOOGL,111.26,10
88035481918791,530,1465,GOOGL,111.58,70
88035481919070,525,1465,GOOGL,111.58,20
88035481920922,525,1468,GOOGL,110.93,50
88035481921191,1173,1468,GOOGL,110.93,70
88035481923042,954,1471,GOOGL,111.40,50
88035481924878,954,1474,GOOGL,111.25,30
88035481925279,1143,1474,GOOGL,111.25,50
88035481929096,1143,1477,GOOGL,111.60,20
88035481929329,1139,1477,GOOGL,111.60,90
88035481931238,1139,1480,GOOGL,111.96,40
88035481931460,1131,1480,GOOGL,111.96,50
88035481931823,1142,1480,GOOGL,111.96,50
88035481933969,1142,1483,GOOGL,111.58,10
88035481934272,1025,1483,GOOGL,111.58,60
88035481936369,1025,1486,GOOGL,112.41,30
88035481936635,903,1486,GOOGL,112.41,70
88035481938611,948,1489,GOOGL,111.98,120
88035481938866,1136,1489,GOOGL,111.98,10
88035481940684,1136,1492,GOOGL,111.48,60
88035481942560,1136,1495,GOOGL,111.76,30
88035481942772,960,1495,GOOGL,111.76,60
88035481946759,960,1498,GOOGL,111.97,80
88035481947142,1113,1498,GOOGL,111.97,40
88035481949075,1113,1501,GOOGL,111.49,30
88035481949387,1026,1501,GOOGL,111.49,20
88035481951495,1026,1504,GOOGL,111.26,80
88035481953357,1029,1507,GOOGL,111.81,110
88035481955250,1029,1510,GOOGL,112.26,20
88035481955498,1134,1510,GOOGL,112.26,80
88035481955825,1028,1510,GOOGL,112.26,40
88035481957976,1028,1513,GOOGL,112.33,70
88035481959992,1028,1516,GOOGL,112.65,10
88035481960256,1034,1516,GOOGL,112.65,80
88035481960689,1098,1516,GOOGL,112.65,10
88035481965358,1098,1519,GOOGL,112.39,110
88035481965689,1122,1519,GOOGL,112.39,20
88035481967674,1122,1522,GOOGL,112.84,40
88035481967916,1175,1522,GOOGL,112.84,20
88035481969882,1175,1525,GOOGL,112.71,70
88035481970118,963,1525,GOOGL,112.71,20
88035481972240,963,1528,GOOGL,113.27,50
88035481972560,962,1528,GOOGL,113.27,60
88035481972942,1140,1528,GOOGL,113.27,10
88035481975010,1140,1531,GOOGL,112.56,50
88035481976945,1140,1534,GOOGL,112.50,80
88035481978736,953,1537,GOOGL,113.20,70
88035481978963,1115,1537,GOOGL,113.20,40
88035481983863,1115,1540,GOOGL,113.19,50
88035481984107,1097,1540,GOOGL,113.19,90
88035482003014,1097,1543,GOOGL,114.04,20
88035482003417,1112,1543,GOOGL,114.04,50
88035482005486,1112,1546,GOOGL,113.19,10
88035482005725,1031,1546,GOOGL,113.19,50
88035482006201,1103,1546,GOOGL,113.19,40
88035482008627,1103,1549,GOOGL,113.64,30
88035482009124,957,1549,GOOGL,113.64,100
88035482016256,957,1552,GOOGL,114.20,10
88035482016637,1100,1552,GOOGL,114.20,50
88035482018604,1100,1555,GOOGL,115.21,90
88035482020779,531,1558,GOOGL,115.34,50
88035482021027,1035,1558,GOOGL,115.34,70
88035482023085,1035,1561,GOOGL,115.48,20
88035482023325,956,1561,GOOGL,115.48,30
88035482028249,956,1564,GOOGL,114.84,70
88035482028494,1116,1564,GOOGL,114.84,10
88035482030347,1116,1567,GOOGL,115.09,90
88035482030573,1095,1567,GOOGL,115.09,20
88035482032758,1095,1570,GOOGL,115.33,70
88035482032986,1037,1570,GOOGL,115.33,70
88035482035273,1037,1573,GOOGL,115.34,40
88035482035581,1038,1573,GOOGL,115.34,30
88035482037435,1038,1576,GOOGL,115.56,90
88035482037931,1121,1576,GOOGL,115.56,10
88035482039919,1121,1579,GOOGL,114.53,40
88035482040190,1110,1579,GOOGL,114.53,90
88035482042285,1110,1582,GOOGL,114.85,50
88035482042816,519,1582,GOOGL,114.85,10
88035482047145,519,1585,GOOGL,114.82,60
88035482047692,1214,1585,GOOGL,114.82,30
88035482049692,1214,1588,GOOGL,114.82,50
88035482052876,1176,1588,GOOGL,114.82,70
88035482054772,1176,1591,GOOGL,114.46,30
88035482055113,1023,1591,GOOGL,114.46,20
88035482057098,1023,1594,GOOGL,114.78,50
88035482057460,1215,1594,GOOGL,114.78,30
88035483188188,1215,1597,GOOGL,115.24,60
88035483188994,1104,1597,GOOGL,115.24,50
88035483286460,1104,1600,GOOGL,114.63,30
88035483286792,1074,1600,GOOGL,114.63,80
88035483287233,1092,1600,GOOGL,114.63,30
88035483289449,1092,1603,GOOGL,114.22,30
88035483289714,1109,1603,GOOGL,114.22,40
88035483295035,1109,1606,GOOGL,113.26,90
88035483295306,1094,1606,GOOGL,113.26,10
88035483297403,1094,1609,GOOGL,112.57,70
88035483297683,1106,1609,GOOGL,112.57,60
88035483299654,1106,1612,GOOGL,111.62,40
88035483300338,1032,1612,GOOGL,111.62,20
88035483302230,1032,1615,GOOGL,112.01,40
88035483302553,966,1615,GOOGL,112.01,50
88035483304494,966,1618,GOOGL,111.93,50
88035483304841,1197,1618,GOOGL,111.93,70
88035483306881,1197,1621,GOOGL,111.45,40
88035483307208,965,1621,GOOGL,111.45,10
88035483309159,965,1624,GOOGL,111.88,80
88035483312993,1059,1627,GOOGL,112.35,110
88035483314874,1059,1630,GOOGL,113.01,20
88035483315139,1101,1630,GOOGL,113.01,50
88035483315493,1007,1630,GOOGL,113.01,70
88035483317795,1007,1633,GOOGL,112.79,40
88035483318041,1089,1633,GOOGL,112.79,30
88035483320015,1089,1636,GOOGL,112.59,100
88035483321881,1058,1639,GOOGL,112.37,120
88035483322194,1022,1639,GOOGL,112.37,10
88035483324451,1022,1642,GOOGL,112.74,50
88035483324665,969,1642,GOOGL,112.74,10
88035483326483,969,1645,GOOGL,112.50,90
88035483330242,969,1648,GOOGL,111.99,30
88035483330556,1212,1648,GOOGL,111.99,60
88035483330988,1046,1648,GOOGL,111.99,30
88035483362005,1046,1651,GOOGL,111.94,50
88035483365642,1046,1654,GOOGL,111.85,20
88035483366168,1203,1654,GOOGL,111.85,60
88035483369224,1203,1657,GOOGL,111.44,10
88035483369963,1073,1657,GOOGL,111.44,70
88035483370921,1178,1657,GOOGL,111.44,30
88035483373975,1178,1660,GOOGL,112.01,90
88035483374395,1044,1660,GOOGL,112.01,50
88035483381073,1044,1663,GOOGL,111.41,30
88035483381631,1217,1663,GOOGL,111.41,40
88035483384233,1217,1666,GOOGL,111.42,70
88035483384628,1061,1666,GOOGL,111.42,30
88035483387432,1061,1669,GOOGL,111.07,20
88035483387860,1064,1669,GOOGL,111.07,80
88035483388291,1091,1669,GOOGL,111.07,30
88035483400519,1091,1672,GOOGL,111.34,20
88035483401028,1182,1672,GOOGL,111.34,40
88035483403643,1182,1675,GOOGL,111.44,20
88035483404053,1200,1675,GOOGL,111.44,70
88035483406401,1200,1678,GOOGL,111.76,70
88035483406983,1179,1678,GOOGL,111.76,50
88035483409807,1179,1681,GOOGL,111.84,50
88035483412150,1179,1684,GOOGL,112.21,30
88035483412868,972,1684,GOOGL,112.21,50
88035483415562,972,1687,GOOGL,112.09,10
88035483415951,1209,1687,GOOGL,112.09,100
88035483421450,1209,1690,GOOGL,112.75,30
88035483422076,1107,1690,GOOGL,112.75,110
88035483425012,1088,1693,GOOGL,112.97,70
88035483427689,1088,1696,GOOGL,112.97,50
88035483428155,974,1696,GOOGL,112.97,50
88035483430819,974,1699,GOOGL,112.58,30
88035483431364,1211,1699,GOOGL,112.58,50
88035483432197,1062,1699,GOOGL,112.58,50
88035483434743,1062,1702,GOOGL,112.01,10
88035483435419,1065,1702,GOOGL,112.01,50
88035483437925,1065,1705,GOOGL,112.21,40
88035483438583,1079,1705,GOOGL,112.21,50
88035483444084,1079,1708,GOOGL,112.90,80
88035483444473,1008,1708,GOOGL,112.90,40
88035483447171,1008,1711,GOOGL,112.60,50
88035483449252,1008,1714,GOOGL,112.80,30
88035483449960,1196,1714,GOOGL,112.80,50
88035483452998,1196,1717,GOOGL,112.22,50
88035483453392,1067,1717,GOOGL,112.22,60
88035483456129,1067,1720,GOOGL,113.04,50
88035483456658,1220,1720,GOOGL,113.04,90
88035483459261,1220,1723,GOOGL,112.38,50
88035483459725,1004,1723,GOOGL,112.38,20
88035483465010,1004,1726,GOOGL,112.24,60
88035483465865,1218,1726,GOOGL,112.24,40
88035483468396,1218,1729,GOOGL,112.81,80
88035483468864,1205,1729,GOOGL,112.81,50
88035483471867,1205,1732,GOOGL,113.44,40
88035483472302,1047,1732,GOOGL,113.44,20
88035483485790,1047,1735,GOOGL,113.77,90
88035483488518,1040,1738,GOOGL,113.30,120
88035483490467,1040,1741,GOOGL,113.43,20
88035483490811,975,1741,GOOGL,113.43,30
88035483494983,975,1744,GOOGL,113.31,60
88035483495535,1199,1744,GOOGL,113.31,20
88035483498281,1199,1747,GOOGL,112.84,110
88035483500768,1085,1750,GOOGL,113.03,90
88035483501243,1202,1750,GOOGL,113.03,50
88035483503992,1202,1753,GOOGL,113.51,10
88035483504630,968,1753,GOOGL,113.51,60
88035483508085,968,1756,GOOGL,113.86,60
88035483508641,1076,1756,GOOGL,113.86,40
88035483511934,1076,1759,GOOGL,113.46,60
88035483512454,1010,1759,GOOGL,113.46,70
88035483518006,1010,1762,GOOGL,113.63,60
88035483520669,1010,1765,GOOGL,113.06,10
88035483521209,1005,1765,GOOGL,113.06,80
88035483524349,1005,1768,GOOGL,113.04,10
88035483524880,1043,1768,GOOGL,113.04,70
88035483525658,971,1768,GOOGL,113.04,40
88035483528808,971,1771,GOOGL,113.88,10
88035483529657,1070,1771,GOOGL,113.88,40
88035483533115,1070,1774,GOOGL,114.31,80
88035483550363,1070,1777,GOOGL,114.25,20
88035483550729,996,1777,GOOGL,114.25,90
88035483556569,996,1780,GOOGL,114.20,10
88035483557104,1181,1780,GOOGL,114.20,50
88035483557908,993,1780,GOOGL,114.20,70
88035483558519,987,1780,GOOGL,114.20,10
88035483561909,987,1783,GOOGL,114.01,70
88035483564729,987,1786,GOOGL,113.94,30
88035483565142,1056,1786,GOOGL,113.94,70
88035483568154,1056,1789,GOOGL,113.91,30
88035483568688,1020,1789,GOOGL,113.91,100
88035483571733,1020,1792,GOOGL,114.25,40
88035483572175,1041,1792,GOOGL,114.25,20
88035483575489,1041,1795,GOOGL,115.12,30
88035483576086,984,1795,GOOGL,115.12,60
88035483582474,984,1798,GOOGL,114.98,20
88035483583026,1194,1798,GOOGL,114.98,80
88035483583788,1184,1798,GOOGL,114.98,20
88035483586875,1184,1801,GOOGL,115.29,50
88035483604643,1184,1804,GOOGL,115.13,10
88035483605672,1068,1804,GOOGL,115.13,70
88035483610111,1068,1807,GOOGL,115.15,50
88035483610933,1221,1807,GOOGL,115.15,50
88035483611450,998,1807,GOOGL,115.15,10
88035483614312,998,1810,GOOGL,115.70,110
88035483614911,1208,1810,GOOGL,115.70,30
88035483617345,1208,1813,GOOGL,116.15,70
88035483619793,1208,1816,GOOGL,116.78,20
88035483620244,1049,1816,GOOGL,116.78,80
88035483623114,1049,1819,GOOGL,116.49,50
88035483623528,1052,1819,GOOGL,116.49,60
88035483623948,1014,1819,GOOGL,116.49,20
88035483626294,1014,1822,GOOGL,116.19,60
88035483628406,992,1825,GOOGL,115.97,60
88035483628833,1080,1825,GOOGL,115.97,30
88035483631430,1080,1828,GOOGL,115.64,110
88035483631761,986,1828,GOOGL,115.64,10
88035483637898,986,1831,GOOGL,115.59,50
88035483639927,986,1834,GOOGL,115.61,40
88035483640275,999,1834,GOOGL,115.61,40
88035483642419,999,1837,GOOGL,115.87,90
88035483642905,995,1837,GOOGL,115.87,20
88035483645140,995,1840,GOOGL,116.40,70
88035483645434,1187,1840,GOOGL,116.40,70
88035483647388,1187,1843,GOOGL,117.18,40
88035483647789,1071,1843,GOOGL,117.18,30
88035483649920,1071,1846,GOOGL,117.11,20
88035483650250,977,1846,GOOGL,117.11,80
88035483652212,1847,1849,GOOGL,116.70,110
88035483652472,977,1849,GOOGL,116.70,20
88035483655286,1853,1852,GOOGL,117.55,60
88035483657360,1856,1855,GOOGL,117.89,90
88035483658822,1857,1858,GOOGL,118.56,110
88035483661219,1862,1861,GOOGL,118.32,50
88035483672973,1862,1858,GOOGL,118.56,10
88035483675172,1865,1864,GOOGL,118.62,80
88035483676682,1865,1867,GOOGL,118.67,10
88035483677444,1868,1867,GOOGL,118.67,100
88035483678906,1869,1870,GOOGL,118.79,130
88035483679153,1868,1870,GOOGL,118.79,10
88035483681936,1874,1873,GOOGL,119.34,70
88035483686115,1874,1879,GOOGL,119.30,10
88035483686555,1877,1879,GOOGL,119.30,110
88035483687091,1878,1879,GOOGL,119.30,10
88035483690751,1883,1882,GOOGL,119.68,60
88035483695209,1884,1888,GOOGL,119.41,80
88035483695642,1883,1888,GOOGL,119.41,10
88035483696095,1878,1888,GOOGL,119.41,30
88035483699558,1878,1891,GOOGL,118.66,50
88035483702359,1878,1894,GOOGL,118.47,30
88035483702756,1886,1894,GOOGL,118.47,50
88035483706030,1886,1897,GOOGL,117.95,50
88035483706443,1880,1897,GOOGL,117.95,60
88035483709582,1880,1900,GOOGL,117.24,80
88035483710134,1881,1900,GOOGL,117.24,50
88035483710544,1875,1900,GOOGL,117.24,10
88035483712831,1875,1903,GOOGL,117.59,70
88035483714658,1875,1906,GOOGL,117.21,10
88035483714945,1887,1906,GOOGL,117.21,90
88035483717082,1887,1909,GOOGL,117.81,20
88035483717340,1872,1909,GOOGL,117.81,60
88035483717621,1889,1909,GOOGL,117.81,50
88035483719707,1889,1912,GOOGL,118.06,60
88035483721521,1889,1915,GOOGL,117.72,20
88035483721777,1868,1915,GOOGL,117.72,10
88035483722070,1871,1915,GOOGL,117.72,50
88035483722465,1890,1915,GOOGL,117.72,10
88035483724570,1890,1918,GOOGL,117.79,120
88035483727337,1890,1921,GOOGL,116.65,10
88035483727595,1863,1921,GOOGL,116.65,40
88035483729776,1863,1924,GOOGL,117.13,30
88035483730030,1893,1924,GOOGL,117.13,50
88035483732552,1893,1927,GOOGL,116.67,20
88035483732852,1913,1927,GOOGL,116.67,70
88035483733209,1866,1927,GOOGL,116.67,20
88035483735529,1866,1930,GOOGL,117.21,80
88035483735827,1892,1930,GOOGL,117.21,60
88035483738977,1935,1933,GOOGL,118.36,70
88035483741544,1935,1939,GOOGL,117.75,20
88035483741770,1937,1939,GOOGL,117.75,110
88035483745275,1944,1945,GOOGL,118.01,80
88035483745509,1941,1945,GOOGL,118.01,10
88035483747506,1947,1948,GOOGL,118.34,110
88035483747817,1941,1948,GOOGL,118.34,10
88035483748852,1949,1942,GOOGL,118.74,60
88035483749694,1950,1936,GOOGL,118.78,100
88035483751731,1953,1951,GOOGL,119.04,50
88035483752604,1953,1954,GOOGL,119.19,20
88035483754050,1956,1954,GOOGL,119.19,60
88035483755339,1958,1957,GOOGL,119.71,110
88035483755639,1958,1885,GOOGL,119.83,10
88035483757232,1959,1960,GOOGL,119.34,130
88035483757520,1956,1960,GOOGL,119.34,10
88035483759705,1961,1963,GOOGL,119.52,50
88035483759982,1962,1963,GOOGL,119.52,20
88035483762063,1964,1966,GOOGL,119.04,80
88035483762316,1962,1966,GOOGL,119.04,20
88035483764255,1962,1969,GOOGL,119.47,20
88035483765173,1970,1969,GOOGL,119.47,110
88035483765501,1970,1885,GOOGL,119.83,30
88035483766557,1971,1885,GOOGL,119.83,50
88035483767875,1973,1972,GOOGL,119.77,60
88035483768157,1973,1876,GOOGL,119.95,10
88035483769104,1974,1876,GOOGL,119.95,80
88035483771059,1977,1876,GOOGL,119.95,10
88035483771875,1977,1978,GOOGL,119.83,100
88035483772114,1976,1978,GOOGL,119.83,20
88035483774061,1976,1981,GOOGL,119.42,50
88035483775979,1976,1984,GOOGL,119.71,30
88035483776182,1983,1984,GOOGL,119.71,50
88035483778179,1983,1987,GOOGL,119.38,20
88035483778450,1982,1987,GOOGL,119.38,60
88035483778865,1979,1987,GOOGL,119.38,30
88035483781508,1991,1990,GOOGL,120.08,50
88035483782316,1992,1990,GOOGL,120.08,60
88035483783625,1994,1990,GOOGL,120.08,30
88035483783858,1994,1993,GOOGL,120.14,50
88035483784741,1995,1993,GOOGL,120.14,20
88035483785030,1995,1975,GOOGL,120.40,70
88035483786533,1997,1975,GOOGL,120.40,20
88035483787885,1997,1999,GOOGL,120.07,90
88035483788093,1998,1999,GOOGL,120.07,40
88035483790139,2001,2002,GOOGL,120.06,50
88035483790383,1998,2002,GOOGL,120.06,10
88035483792890,2006,2005,GOOGL,120.40,90
88035483794212,2006,2008,GOOGL,120.18,10
88035483794550,1998,2008,GOOGL,120.18,70
88035483794906,2007,2008,GOOGL,120.18,40
88035483796377,2010,1996,GOOGL,120.82,100
88035483797324,2010,2011,GOOGL,120.81,40
88035483799943,2015,2011,GOOGL,120.81,10
88035483801425,2015,2017,GOOGL,120.98,80
88035483803326,2016,2020,GOOGL,120.43,100
88035483803579,2013,2020,GOOGL,120.43,40
88035483807249,2013,2026,GOOGL,120.60,30
88035483807499,2018,2026,GOOGL,120.60,70
88035483809991,2030,2023,GOOGL,120.91,70
88035483810226,2030,2017,GOOGL,120.98,30
88035483810665,2030,2029,GOOGL,121.04,40
88035483811685,2031,2029,GOOGL,121.04,50
88035483813069,2033,2029,GOOGL,121.04,40
88035483813280,2033,2014,GOOGL,121.04,30
88035483814150,2034,2014,GOOGL,121.04,50
88035483814389,2034,2032,GOOGL,121.84,30
88035483815835,2036,2032,GOOGL,121.84,30
88035483816622,2037,2035,GOOGL,122.61,90
88035483817976,2039,2038,GOOGL,123.05,120
88035483819345,2039,2041,GOOGL,123.13,10
88035483820648,2043,2041,GOOGL,123.13,40
88035483823401,2048,2044,GOOGL,123.32,80
88035483823657,2048,2047,GOOGL,123.51,40
88035483824524,2049,2047,GOOGL,123.51,70
88035483835231,2055,2050,GOOGL,123.91,90
88035483836912,2058,2056,GOOGL,123.90,100
88035483837679,2058,2059,GOOGL,123.61,20
88035483837915,2049,2059,GOOGL,123.61,60
88035483838276,2054,2059,GOOGL,123.61,50
88035483840382,2054,2062,GOOGL,123.34,30
88035483840607,2061,2062,GOOGL,123.34,30
88035483842580,2063,2065,GOOGL,123.76,70
88035483842800,2061,2065,GOOGL,123.76,20
88035483844415,2067,2050,GOOGL,123.91,50
88035483844672,2067,2053,GOOGL,124.18,60
88035483846147,2069,2068,GOOGL,123.93,120
88035483847596,2069,2071,GOOGL,123.37,10
88035483847859,2066,2071,GOOGL,123.37,40
88035483849819,2066,2074,GOOGL,123.36,60
88035483850113,2052,2074,GOOGL,123.36,20
88035483852194,2052,2077,GOOGL,123.75,40
88035483852443,2051,2077,GOOGL,123.75,50
88035483852819,2070,2077,GOOGL,123.75,20
88035483854493,2079,2053,GOOGL,124.18,10
88035483855310,2079,2080,GOOGL,123.80,120
88035483855522,2078,2080,GOOGL,123.80,20
88035483857417,2078,2083,GOOGL,123.23,70
88035483859303,2078,2086,GOOGL,122.74,30
88035483859565,2070,2086,GOOGL,122.74,70
88035483861457,2070,2089,GOOGL,122.08,50
88035483861695,2064,2089,GOOGL,122.08,80
88035483864058,2081,2092,GOOGL,122.49,50
88035483864370,2075,2092,GOOGL,122.49,10
88035483866554,2075,2095,GOOGL,122.50,80
88035483866828,2057,2095,GOOGL,122.50,10
88035483869203,2057,2098,GOOGL,121.84,100
88035483869472,2076,2098,GOOGL,121.84,20
88035483871564,2076,2101,GOOGL,121.21,50
88035483873457,2076,2104,GOOGL,121.24,30
88035483873689,2082,2104,GOOGL,121.24,50
88035483875823,2082,2107,GOOGL,121.32,10
88035483876087,2060,2107,GOOGL,121.32,100
88035483878201,2060,2110,GOOGL,121.11,40
88035483878442,2045,2110,GOOGL,121.11,90
88035483878817,2043,2110,GOOGL,121.11,10
88035483880832,2043,2113,GOOGL,120.35,20
88035483881047,2072,2113,GOOGL,120.35,50
88035483883134,2072,2116,GOOGL,121.07,10
88035483883404,2085,2116,GOOGL,121.07,90
88035483885315,2040,2119,GOOGL,120.97,130
88035483887094,2040,2122,GOOGL,120.55,10
88035483887346,2042,2122,GOOGL,120.55,50
88035483889307,2042,2125,GOOGL,120.91,10
88035483889544,2073,2125,GOOGL,120.91,70
88035483889912,2046,2125,GOOGL,120.91,10
88035483891993,2046,2128,GOOGL,120.46,90
88035483892223,2094,2128,GOOGL,120.46,30
88035483894193,2094,2131,GOOGL,120.71,50
88035483896065,2093,2134,GOOGL,120.51,70
88035483896423,2037,2134,GOOGL,120.51,10
88035483898518,2037,2137,GOOGL,120.83,10
88035483898837,2084,2137,GOOGL,120.83,80
88035483899211,2036,2137,GOOGL,120.83,20
88035483901374,2036,2140,GOOGL,121.43,50
88035483901624,2087,2140,GOOGL,121.43,90
88035483903563,2087,2143,GOOGL,120.77,20
88035483903783,2090,2143,GOOGL,120.77,50
88035483905805,2090,2146,GOOGL,120.52,90
88035483906071,2091,2146,GOOGL,120.52,10
88035483908103,2091,2149,GOOGL,121.12,40
88035483908339,2088,2149,GOOGL,121.12,90
88035483910273,2088,2152,GOOGL,121.52,30
88035483910518,2096,2152,GOOGL,121.52,30
88035483913157,2156,2155,GOOGL,122.33,90
88035483915046,2159,2158,GOOGL,122.86,120
88035483916913,2162,2161,GOOGL,123.21,50
88035483918709,2165,2164,GOOGL,123.55,80
88035483921053,2169,2167,GOOGL,124.08,110
88035483922992,2171,781,GOOGL,124.53,10
88035483924093,2172,2170,GOOGL,124.75,60
88035483924887,2171,2173,GOOGL,124.66,40
88035483927029,2174,2176,GOOGL,124.19,80
88035483927246,2169,2176,GOOGL,124.19,20
88035483929306,2178,2179,GOOGL,123.92,120
88035483929625,2175,2179,GOOGL,123.92,10
88035483932155,2183,2182,GOOGL,124.53,60
88035483932390,2183,2173,GOOGL,124.66,10
88035483933400,2184,2173,GOOGL,124.66,20
88035483933662,2184,2170,GOOGL,124.75,60
88035483935227,2186,2170,GOOGL,124.75,20
88035483938644,2192,2188,GOOGL,125.00,60
88035483939337,2193,2188,GOOGL,125.00,60
88035483939713,2193,784,GOOGL,125.05,10
88035483941105,2195,784,GOOGL,125.05,70
88035483942493,2195,2197,GOOGL,124.61,20
88035483942716,2196,2197,GOOGL,124.61,90
88035483944627,2196,2200,GOOGL,124.58,10
88035483944884,2186,2200,GOOGL,124.58,80
88035483945218,2190,2200,GOOGL,124.58,50
88035483947231,2190,2203,GOOGL,124.63,70
88035483949133,2190,2206,GOOGL,124.81,20
88035483949433,2189,2206,GOOGL,124.81,80
88035483951511,2189,2209,GOOGL,124.49,50
88035483951751,2198,2209,GOOGL,124.49,80
88035483953696,2198,2212,GOOGL,124.41,40
88035483953943,2211,2212,GOOGL,124.41,20
88035483955791,2214,2215,GOOGL,124.60,80
88035483956152,2211,2215,GOOGL,124.60,10
88035483958290,2216,2218,GOOGL,124.11,100
88035483958603,2211,2218,GOOGL,124.11,20
88035483962198,2210,2224,GOOGL,124.06,80
88035483963934,2210,2227,GOOGL,123.83,60
88035483964222,2219,2227,GOOGL,123.83,50
88035483966204,2219,2230,GOOGL,123.54,80
88035483966724,2208,2230,GOOGL,123.54,60
88035483968629,2208,2233,GOOGL,123.26,60
88035483968861,2201,2233,GOOGL,123.26,10
88035483970764,2201,2236,GOOGL,124.38,40
88035483971023,2213,2236,GOOGL,124.38,60
88035483973043,2237,2239,GOOGL,123.66,110
88035483973325,2213,2239,GOOGL,123.66,10
88035483973689,2187,2239,GOOGL,123.66,10
88035483975793,2187,2242,GOOGL,123.53,60
88035483977662,2187,2245,GOOGL,123.73,40
88035483977936,2217,2245,GOOGL,123.73,50
88035483979943,2217,2248,GOOGL,122.66,60
88035483980245,2205,2248,GOOGL,122.66,60
88035483982335,2205,2251,GOOGL,123.03,30
88035483982548,2181,2251,GOOGL,123.03,20
88035483984548,2181,2254,GOOGL,122.65,30
88035483984791,2222,2254,GOOGL,122.65,50
88035483986774,2222,2257,GOOGL,122.78,10
88035483987035,2199,2257,GOOGL,122.78,100
88035483989139,2199,2260,GOOGL,122.07,30
88035483989370,2204,2260,GOOGL,122.07,80
88035483989805,2220,2260,GOOGL,122.07,30
88035483991927,2220,2263,GOOGL,122.31,70
88035483993795,2220,2266,GOOGL,122.46,40
88035483994056,2207,2266,GOOGL,122.46,60
88035483996229,2207,2269,GOOGL,122.09,50
88035483996466,2202,2269,GOOGL,122.09,60
88035483996838,2223,2269,GOOGL,122.09,20
88035483998921,2223,2272,GOOGL,122.71,50
88035483999211,2175,2272,GOOGL,122.71,10
88035484001231,2175,2275,GOOGL,122.40,70
88035484001469,2238,2275,GOOGL,122.40,20
88035484003486,2238,2278,GOOGL,123.42,100
88035484003777,2166,2278,GOOGL,123.42,20
88035484005671,2166,2281,GOOGL,122.58,50
88035484007510,2166,2284,GOOGL,123.25,30
88035484007736,2168,2284,GOOGL,123.25,50
88035484009759,2168,2287,GOOGL,123.05,70
88035484009974,2180,2287,GOOGL,123.05,40
88035484012081,2180,2290,GOOGL,122.79,100
88035484012312,2235,2290,GOOGL,122.79,40
88035484014247,2235,2293,GOOGL,123.52,50
88035484014521,2241,2293,GOOGL,123.52,20
88035484017270,2297,2296,GOOGL,124.01,100
88035484018671,2297,2299,GOOGL,123.59,10
88035484018927,2241,2299,GOOGL,123.59,30
88035484019290,2298,2299,GOOGL,123.59,90
88035484021440,2301,2302,GOOGL,123.72,50
88035484021719,2300,2302,GOOGL,123.72,10
88035484023712,2304,2305,GOOGL,123.90,80
88035484023963,2303,2305,GOOGL,123.90,10
88035484025919,2303,2308,GOOGL,123.42,60
88035484026172,2300,2308,GOOGL,123.42,60
88035484028221,2300,2311,GOOGL,123.06,50
88035484029995,2300,2314,GOOGL,122.98,20
88035484030217,2298,2314,GOOGL,122.98,30
88035484030608,2295,2314,GOOGL,122.98,30
88035484032771,2295,2317,GOOGL,122.70,60
88035484033009,2177,2317,GOOGL,122.70,50
88035484035393,2177,2320,GOOGL,122.18,60
88035484035608,2225,2320,GOOGL,122.18,80
88035484037696,2225,2323,GOOGL,122.77,10
88035484037948,2307,2323,GOOGL,122.77,60
88035484039862,2307,2326,GOOGL,122.43,50
88035484040189,2165,2326,GOOGL,122.43,10
88035484040540,2294,2326,GOOGL,122.43,40
88035484042691,2294,2329,GOOGL,122.54,40
88035484042958,2240,2329,GOOGL,122.54,90
88035484044867,2240,2332,GOOGL,122.60,50
88035484045091,2228,2332,GOOGL,122.60,10
88035484047063,2228,2335,GOOGL,122.25,90
88035484048927,2228,2338,GOOGL,121.83,20
88035484049151,2246,2338,GOOGL,121.83,100
88035484051178,2306,2341,GOOGL,122.31,50
88035484052912,2306,2344,GOOGL,122.29,50
88035484053216,2252,2344,GOOGL,122.29,30
88035484055372,2252,2347,GOOGL,123.06,30
88035484055650,2163,2347,GOOGL,123.06,70
88035484055976,2229,2347,GOOGL,123.06,10
88035484058047,2229,2350,GOOGL,123.08,120
88035484058271,2288,2350,GOOGL,123.08,20
88035484060759,2354,2353,GOOGL,123.69,70
88035484062135,2355,2356,GOOGL,123.83,90
88035484062428,2354,2356,GOOGL,123.83,10
88035484064505,2357,2359,GOOGL,123.40,110
88035484064755,2358,2359,GOOGL,123.40,20
88035484068259,2363,2365,GOOGL,124.16,70
88035484070120,2364,2368,GOOGL,123.90,80
88035484070343,2361,2368,GOOGL,123.90,40
88035484072262,2361,2371,GOOGL,124.02,10
88035484072495,2367,2371,GOOGL,124.02,40
88035484073424,2372,2365,GOOGL,124.16,20
88035484074703,2372,2374,GOOGL,123.62,40
88035484074922,2373,2374,GOOGL,123.62,40
88035484076779,2373,2377,GOOGL,123.36,30
88035484076999,2367,2377,GOOGL,123.36,70
88035484077298,2370,2377,GOOGL,123.36,10
88035484079463,2370,2380,GOOGL,122.20,130
88035484079720,2375,2380,GOOGL,122.20,10
88035484081733,2375,2383,GOOGL,122.85,70
88035484083565,2375,2386,GOOGL,123.54,10
88035484083789,2360,2386,GOOGL,123.54,90
88035484085806,2360,2389,GOOGL,122.62,50
88035484086056,2369,2389,GOOGL,122.62,80
88035484087997,2369,2392,GOOGL,122.38,50
88035484088224,2366,2392,GOOGL,122.38,10
88035484090233,2366,2395,GOOGL,122.52,90
88035484092134,2376,2398,GOOGL,121.67,100
88035484092363,2358,2398,GOOGL,121.67,20
88035484094308,2358,2401,GOOGL,122.06,50
88035484096204,2358,2404,GOOGL,122.16,30
88035484096425,2385,2404,GOOGL,122.16,50
88035484098328,2385,2407,GOOGL,122.04,40
88035484098551,2288,2407,GOOGL,122.04,70
88035484100524,2288,2410,GOOGL,121.81,30
88035484100771,2234,2410,GOOGL,121.81,80
88035484101201,2162,2410,GOOGL,121.81,10
88035484101544,2226,2410,GOOGL,121.81,20
88035484103809,2226,2413,GOOGL,122.17,70
88035484105834,2226,2416,GOOGL,121.51,10
88035484106063,2351,2416,GOOGL,121.51,50
88035484106387,2309,2416,GOOGL,121.51,40
88035484108566,2309,2419,GOOGL,121.07,90
88035484108840,2310,2419,GOOGL,121.07,40
88035484110970,2310,2422,GOOGL,120.82,60
88035484113109,2310,2425,GOOGL,120.23,40
88035484113373,2352,2425,GOOGL,120.23,50
88035484115343,2352,2428,GOOGL,119.90,10
88035484115630,2292,2428,GOOGL,119.90,60
88035484115980,2313,2428,GOOGL,119.90,50
88035484118018,2313,2431,GOOGL,119.82,20
88035484118257,2232,2431,GOOGL,119.82,30
88035484120231,2232,2434,GOOGL,119.45,30
88035484120498,2283,2434,GOOGL,119.45,50
88035484122450,2283,2437,GOOGL,120.29,20
88035484122683,2243,2437,GOOGL,120.29,70
88035484123007,2289,2437,GOOGL,120.29,20
88035484125012,2289,2440,GOOGL,119.38,110
88035484125339,2349,2440,GOOGL,119.38,30
88035484127418,2349,2443,GOOGL,119.20,70
88035484129163,2349,2446,GOOGL,119.35,30
88035484129384,2244,2446,GOOGL,119.35,70
88035484131362,2244,2449,GOOGL,119.97,10
88035484131604,2387,2449,GOOGL,119.97,110
88035484132014,2159,2449,GOOGL,119.97,10
88035484134565,2312,2452,GOOGL,119.39,60
88035484136632,2384,2455,GOOGL,120.29,80
88035484136914,2279,2455,GOOGL,120.29,10
88035484139122,2279,2458,GOOGL,119.91,120
88035484141123,2285,2461,GOOGL,119.26,50
88035484143089,2285,2464,GOOGL,118.37,40
88035484143374,2378,2464,GOOGL,118.37,40
88035484145513,2378,2467,GOOGL,117.96,80
88035484145747,2282,2467,GOOGL,117.96,30
88035484147946,2282,2470,GOOGL,117.69,30
88035484148194,2231,2470,GOOGL,117.69,50
88035484148545,2253,2470,GOOGL,117.69,60
88035484150505,2253,2473,GOOGL,117.68,10
88035484150779,2280,2473,GOOGL,117.68,60
88035484152868,2280,2476,GOOGL,117.09,80
88035484153246,2348,2476,GOOGL,117.09,20
88035484155679,2348,2479,GOOGL,116.09,100
88035484155924,2324,2479,GOOGL,116.09,30
88035484158523,2324,2482,GOOGL,117.04,50
88035484158783,2247,2482,GOOGL,117.04,10
88035484160847,2247,2485,GOOGL,116.85,90
88035484162943,2247,2488,GOOGL,116.01,10
88035484163162,2273,2488,GOOGL,116.01,70
88035484163486,2277,2488,GOOGL,116.01,40
88035484165625,2277,2491,GOOGL,116.80,50
88035484167700,2277,2494,GOOGL,116.70,20
88035484167971,2346,2494,GOOGL,116.70,60
88035484170310,2346,2497,GOOGL,116.94,40
88035484170670,2394,2497,GOOGL,116.94,70
88035484172921,2394,2500,GOOGL,116.91,10
88035484173167,2325,2500,GOOGL,116.91,90
88035484173543,2256,2500,GOOGL,116.91,40
88035484176016,2256,2503,GOOGL,117.23,60
88035484176349,2291,2503,GOOGL,117.23,10
88035484178401,2291,2506,GOOGL,117.63,40
88035484178616,2316,2506,GOOGL,117.63,60
88035484180498,2316,2509,GOOGL,117.32,40
88035484180788,2327,2509,GOOGL,117.32,90
88035484182975,2327,2512,GOOGL,117.54,20
88035484183202,2388,2512,GOOGL,117.54,40
88035484185147,2388,2515,GOOGL,116.67,80
88035484185382,2274,2515,GOOGL,116.67,10
88035484187345,2274,2518,GOOGL,117.75,70
88035484187627,2160,2518,GOOGL,117.75,50
88035484189699,2160,2521,GOOGL,118.57,50
88035484191551,2160,2524,GOOGL,118.69,40
88035484191811,2156,2524,GOOGL,118.69,10
88035484192144,2276,2524,GOOGL,118.69,30
88035484194396,2276,2527,GOOGL,119.21,70
88035484194634,2286,2527,GOOGL,119.21,40
88035484196675,2286,2530,GOOGL,118.52,60
88035484196921,2321,2530,GOOGL,118.52,50
88035484197261,2157,2530,GOOGL,118.52,30
88035484199333,2157,2533,GOOGL,119.17,70
88035484201135,2157,2536,GOOGL,118.96,10
88035484201365,2250,2536,GOOGL,118.96,90
88035484203340,2250,2539,GOOGL,118.49,50
88035484203630,2391,2539,GOOGL,118.49,50
88035484203989,2255,2539,GOOGL,118.49,30
88035484206134,2255,2542,GOOGL,118.38,60
88035484208111,2379,2545,GOOGL,118.57,90
88035484209938,2379,2548,GOOGL,118.96,40
88035484210185,2318,2548,GOOGL,118.96,80
88035484212307,2318,2551,GOOGL,118.89,40
88035484212542,2322,2551,GOOGL,118.89,10
88035484214448,2322,2554,GOOGL,119.17,50
88035484214731,2381,2554,GOOGL,119.17,30
88035484216770,2381,2557,GOOGL,119.72,20
88035484217083,2264,2557,GOOGL,119.72,80
88035484217453,2382,2557,GOOGL,119.72,10
88035484219590,2382,2560,GOOGL,119.56,50
88035484219830,2315,2560,GOOGL,119.56,90
88035484225388,2328,2563,GOOGL,120.16,70
88035484227322,2328,2566,GOOGL,121.25,50
88035484227537,2249,2566,GOOGL,121.25,50
88035484229567,2249,2569,GOOGL,122.27,80
88035484229830,2345,2569,GOOGL,122.27,50
88035484231819,2345,2572,GOOGL,122.35,40
88035484232034,2271,2572,GOOGL,122.35,20
88035484233950,2271,2575,GOOGL,122.26,30
88035484234211,2393,2575,GOOGL,122.26,60
88035484239475,2580,2584,GOOGL,122.08,80
88035484241755,2588,2587,GOOGL,122.70,110
88035484241986,2588,2581,GOOGL,122.71,10
88035484242949,2589,2581,GOOGL,122.71,40
88035484243181,2589,2578,GOOGL,122.72,90
88035484244679,2591,2578,GOOGL,122.72,30
88035484245522,2592,2590,GOOGL,123.54,60
88035484246218,2591,2593,GOOGL,123.23,20
88035484248058,2594,2596,GOOGL,122.55,80
88035484248292,2595,2596,GOOGL,122.55,20
88035484250249,2595,2599,GOOGL,122.52,70
88035484250465,2598,2599,GOOGL,122.52,60
88035484252358,2598,2602,GOOGL,122.13,60
88035484254235,2580,2605,GOOGL,121.90,60
88035484254503,2586,2605,GOOGL,121.90,30
88035484256514,2586,2608,GOOGL,121.95,70
88035484256747,2585,2608,GOOGL,121.95,50
88035484258678,2585,2611,GOOGL,121.85,40
88035484258909,2597,2611,GOOGL,121.85,10
88035484260926,2597,2614,GOOGL,121.81,80
88035484262776,2597,2617,GOOGL,122.47,20
88035484264605,2393,2620,GOOGL,122.25,10
88035484264902,2258,2620,GOOGL,122.25,120
88035484265250,2342,2620,GOOGL,122.25,10
88035484266351,2621,2617,GOOGL,122.47,50
88035484267848,2342,2623,GOOGL,122.17,50
88035484268077,2405,2623,GOOGL,122.17,20
88035484270053,2405,2626,GOOGL,121.58,70
88035484270300,2408,2626,GOOGL,121.58,30
88035484272416,2408,2629,GOOGL,121.81,90
88035484272660,2577,2629,GOOGL,121.81,40
88035484274766,2577,2632,GOOGL,121.78,60
88035484276526,2577,2635,GOOGL,121.99,10
88035484276754,2582,2635,GOOGL,121.99,60
88035484277096,2622,2635,GOOGL,121.99,20
88035484279421,2622,2638,GOOGL,121.61,40
88035484279687,2600,2638,GOOGL,121.61,80
88035484281766,2600,2641,GOOGL,121.27,50
88035484283712,2600,2644,GOOGL,121.15,10
88035484284012,2402,2644,GOOGL,121.15,60
88035484284349,2333,2644,GOOGL,121.15,10
88035484286566,2333,2647,GOOGL,120.80,60
88035484286847,2609,2647,GOOGL,120.80,50
88035484288877,2609,2650,GOOGL,121.86,80
88035484289155,2579,2650,GOOGL,121.86,60
88035484291179,2579,2653,GOOGL,122.22,70
88035484293021,2570,2656,GOOGL,121.58,100
88035484294845,2570,2659,GOOGL,121.46,40
88035484295118,2330,2659,GOOGL,121.46,90
88035484297128,2330,2662,GOOGL,121.35,50
88035484297395,2265,2662,GOOGL,121.35,10
88035484299416,2265,2665,GOOGL,121.19,80
88035484299761,2331,2665,GOOGL,121.19,10
88035484301791,2331,2668,GOOGL,121.46,40
88035484302080,2601,2668,GOOGL,121.46,50
88035484302430,2390,2668,GOOGL,121.46,30
88035484304582,2390,2671,GOOGL,121.02,50
88035484306477,2390,2674,GOOGL,120.72,60
88035484306686,2618,2674,GOOGL,120.72,20
88035484308610,2618,2677,GOOGL,120.66,100
88035484308857,2334,2677,GOOGL,120.66,10
88035484310757,2334,2680,GOOGL,120.39,70
88035484310991,2262,2680,GOOGL,120.39,60
88035484311342,2319,2680,GOOGL,120.39,10
88035484313584,2319,2683,GOOGL,120.83,70
88035484315535,2319,2686,GOOGL,121.17,50
88035484315828,2583,2686,GOOGL,121.17,50
88035484317793,2583,2689,GOOGL,121.16,20
88035484318008,2403,2689,GOOGL,121.16,70
88035484318344,2576,2689,GOOGL,121.16,40
88035484320485,2576,2692,GOOGL,121.52,60
88035484324005,2259,2698,GOOGL,121.58,120
88035484325758,2259,2701,GOOGL,121.55,10
88035484326002,2606,2701,GOOGL,121.55,40
88035484327943,2606,2704,GOOGL,121.00,60
88035484328204,2574,2704,GOOGL,121.00,20
88035484330174,2574,2707,GOOGL,121.25,60
88035484330516,2412,2707,GOOGL,121.25,50
88035484332707,2412,2710,GOOGL,120.99,10
88035484333030,2607,2710,GOOGL,120.99,110
88035484333327,2270,2710,GOOGL,120.99,20
88035484335441,2270,2713,GOOGL,122.03,70
88035484337266,2714,2716,GOOGL,122.04,80
88035484337564,2270,2716,GOOGL,122.04,20
88035484338604,2717,2695,GOOGL,122.30,90
88035484340498,2720,2719,GOOGL,122.44,130
88035484340730,2720,2617,GOOGL,122.47,10
88035484341613,2721,2617,GOOGL,122.47,30
88035484342895,2723,2722,GOOGL,123.09,60
88035484343129,2723,2593,GOOGL,123.23,10
88035484344003,2724,2593,GOOGL,123.23,40
88035484346011,2727,2590,GOOGL,123.54,80
88035484346839,2727,2728,GOOGL,123.48,30
88035484348643,2726,2731,GOOGL,122.27,50
88035484350649,2726,2734,GOOGL,122.59,50
88035484350858,2724,2734,GOOGL,122.59,30
88035484354377,2739,2740,GOOGL,123.17,130
88035484354614,2736,2740,GOOGL,123.17,10
88035484355550,2741,2737,GOOGL,123.39,50
88035484358552,2736,2746,GOOGL,122.57,90
88035484358779,2724,2746,GOOGL,122.57,10
88035484361219,2750,2743,GOOGL,123.33,70
88035484361468,2750,2737,GOOGL,123.39,60
88035484361794,2750,2749,GOOGL,123.42,10
88035484362801,2751,2749,GOOGL,123.42,50
88035484364131,2753,2749,GOOGL,123.42,70
88035484364920,2754,2728,GOOGL,123.48,80
88035484366075,2756,2728,GOOGL,123.48,10
88035484366300,2756,2725,GOOGL,123.70,90
88035484367217,2757,2752,GOOGL,124.05,60
88035484367591,2757,2362,GOOGL,124.55,50
88035484369037,2759,2362,GOOGL,124.55,10
88035484369292,2759,2758,GOOGL,124.57,120
88035484370801,2760,2761,GOOGL,124.24,50
88035484372813,2760,2764,GOOGL,124.07,80
88035484374439,2766,2221,GOOGL,124.67,50
88035484375400,2766,2767,GOOGL,124.41,50
88035484375720,2760,2767,GOOGL,124.41,10
88035484376067,2765,2767,GOOGL,124.41,50
88035484378244,2765,2770,GOOGL,124.48,40
88035484379023,2771,2770,GOOGL,124.48,50
88035484379776,2772,2770,GOOGL,124.48,50
88035484381081,2774,2755,GOOGL,125.10,80
88035484381771,2775,2755,GOOGL,125.10,10
88035484382040,2775,2185,GOOGL,125.26,80
88035484383492,2777,2776,GOOGL,125.16,100
88035484384452,2778,2185,GOOGL,125.26,10
88035484384739,2778,2194,GOOGL,125.27,80
88035484385095,2778,2191,GOOGL,125.32,30
88035484386023,2777,2779,GOOGL,125.06,10
88035484386967,2780,2779,GOOGL,125.06,120
88035484387248,2780,2191,GOOGL,125.32,20
88035484389278,2783,2773,GOOGL,125.43,70
88035484390344,2784,682,GOOGL,125.84,10
88035484390631,2784,2782,GOOGL,125.84,60
88035484393485,2784,2788,GOOGL,125.62,10
88035484393797,2786,2788,GOOGL,125.62,100
88035484394155,2787,2788,GOOGL,125.62,10
88035484397793,2790,2794,GOOGL,125.79,80
88035484399674,2790,2797,GOOGL,125.44,60
88035484399900,2793,2797,GOOGL,125.44,50
88035484402736,2801,2800,GOOGL,126.21,50
88035484403503,2802,2800,GOOGL,126.21,60
88035484404743,2804,2800,GOOGL,126.21,30
88035484404979,2804,2785,GOOGL,126.26,50
88035484406056,2805,2785,GOOGL,126.26,40
88035484406322,2805,2791,GOOGL,126.30,50
88035484408981,2799,2809,GOOGL,125.50,130
88035484410997,2811,2812,GOOGL,126.24,50
88035484411893,2813,2812,GOOGL,126.24,10
88035484412680,2814,2806,GOOGL,126.41,80
88035484413377,2813,2815,GOOGL,126.33,60
88035484415804,2819,2818,GOOGL,126.16,120
88035484416051,2819,2815,GOOGL,126.33,10
88035484418086,2822,2815,GOOGL,126.33,20
88035484418341,2822,2806,GOOGL,126.41,20
88035484418686,2822,2821,GOOGL,126.45,20
88035484419587,2823,2821,GOOGL,126.45,30
88035484420473,2823,2824,GOOGL,126.34,40
88035484421439,2825,2824,GOOGL,126.34,40
88035484422815,2825,2827,GOOGL,126.69,50
88035484423022,2826,2827,GOOGL,126.69,60
88035484424037,2828,2803,GOOGL,126.88,70
88035484427296,2831,2833,GOOGL,126.94,50
88035484427529,2828,2833,GOOGL,126.94,20
88035484428906,2835,2830,GOOGL,127.19,90
88035484429669,2828,2836,GOOGL,126.93,30
88035484430443,2837,2836,GOOGL,126.93,70
88035484431700,2837,2839,GOOGL,126.64,40
88035484431947,2834,2839,GOOGL,126.64,80
88035484432276,2829,2839,GOOGL,126.64,10
88035484434460,2829,2842,GOOGL,126.17,60
88035484436247,2829,2845,GOOGL,125.96,60
88035484436479,2832,2845,GOOGL,125.96,30
88035484438491,2832,2848,GOOGL,125.57,30
88035484438707,2826,2848,GOOGL,125.57,40
88035484439000,2838,2848,GOOGL,125.57,50
88035484441040,2838,2851,GOOGL,124.99,50
88035484442812,2838,2854,GOOGL,124.61,20
88035484443065,2844,2854,GOOGL,124.61,60
88035484445047,2844,2857,GOOGL,123.85,20
88035484445292,2840,2857,GOOGL,123.85,90
88035484447458,2840,2860,GOOGL,123.78,50
88035484447713,2807,2860,GOOGL,123.78,90
88035484450007,2807,2863,GOOGL,123.54,20
88035484450227,2793,2863,GOOGL,123.54,20
88035484450573,2820,2863,GOOGL,123.54,30
88035484452800,2820,2866,GOOGL,123.28,100
88035484458903,2820,2869,GOOGL,123.77,10
88035484459159,2843,2869,GOOGL,123.77,70
88035484459552,2792,2869,GOOGL,123.77,50
88035484461673,2792,2872,GOOGL,123.53,10
88035484461930,2816,2872,GOOGL,123.53,50
88035484463971,2816,2875,GOOGL,123.37,50
88035484464241,2817,2875,GOOGL,123.37,40
88035484466143,2817,2878,GOOGL,123.18,70
88035484466382,2789,2878,GOOGL,123.18,50
88035484468439,2789,2881,GOOGL,122.99,50
88035484470221,2789,2884,GOOGL,122.57,30
88035484470622,2810,2884,GOOGL,122.57,50
88035484472655,2810,2887,GOOGL,122.23,90
88035484472953,2787,2887,GOOGL,122.23,20
88035484477339,2787,2890,GOOGL,121.50,80
88035484477636,2808,2890,GOOGL,121.50,60
88035484479653,2808,2893,GOOGL,121.92,60
88035484479895,2798,2893,GOOGL,121.92,10
88035484481788,2798,2896,GOOGL,121.75,100
88035484483537,2798,2899,GOOGL,121.33,10
88035484483765,2841,2899,GOOGL,121.33,50
88035484484120,2849,2899,GOOGL,121.33,70
88035484486315,2849,2902,GOOGL,121.66,60
88035484488309,2847,2905,GOOGL,121.38,90
88035484489993,2847,2908,GOOGL,121.66,20
88035484490262,2846,2908,GOOGL,121.66,100
88035484494890,2781,2911,GOOGL,121.51,50
88035484496942,2795,2914,GOOGL,122.05,80
88035484498701,2795,2917,GOOGL,121.52,10
88035484499171,2850,2917,GOOGL,121.52,100
88035484530889,2850,2920,GOOGL,122.33,40
88035484531630,2852,2920,GOOGL,122.33,60
88035484532311,2796,2920,GOOGL,122.33,40
88035484536529,2796,2923,GOOGL,122.14,60
88035484536991,2772,2923,GOOGL,122.14,10
88035484540108,2853,2926,GOOGL,122.49,70
88035484540517,2769,2926,GOOGL,122.49,30
88035484542805,2769,2929,GOOGL,122.60,100
88035484543087,2855,2929,GOOGL,122.60,30
88035484545642,2855,2932,GOOGL,122.92,60
88035484548693,2856,2935,GOOGL,121.77,90
88035484551889,2856,2938,GOOGL,121.53,10
88035484552261,2762,2938,GOOGL,121.53,60
88035484552800,2858,2938,GOOGL,121.53,50
88035484556263,2858,2941,GOOGL,121.17,50
88035484558962,2858,2944,GOOGL,120.79,20
88035484559455,2871,2944,GOOGL,120.79,50
88035484559979,2768,2944,GOOGL,120.79,10
88035484563173,2768,2947,GOOGL,119.68,110
88035484566057,2861,2950,GOOGL,120.13,50
88035484566467,2862,2950,GOOGL,120.13,60
88035484566898,2859,2950,GOOGL,120.13,30
88035484569760,2859,2953,GOOGL,119.84,70
88035484572071,2859,2956,GOOGL,119.16,30
88035484572550,2870,2956,GOOGL,119.16,70
88035484575566,2870,2959,GOOGL,120.05,70
88035484576177,2876,2959,GOOGL,120.05,60
88035484578988,2876,2962,GOOGL,120.76,40
88035484579360,2763,2962,GOOGL,120.76,20
88035484582442,2763,2965,GOOGL,121.43,50
88035484582990,2877,2965,GOOGL,121.43,40
88035484585954,2877,2968,GOOGL,121.76,70
88035484586373,2874,2968,GOOGL,121.76,50
88035484590161,2874,2971,GOOGL,121.67,30
88035484590745,2868,2971,GOOGL,121.67,20
88035484594040,2868,2974,GOOGL,121.60,80
88035484597287,2868,2977,GOOGL,121.92,20
88035484597684,2864,2977,GOOGL,121.92,80
88035484598160,2865,2977,GOOGL,121.92,10
88035484600961,2865,2980,GOOGL,122.08,80
88035484601357,2873,2980,GOOGL,122.08,60
88035484604205,2873,2983,GOOGL,122.18,10
88035484604596,2931,2983,GOOGL,122.18,50
88035484605168,2867,2983,GOOGL,122.18,10
88035484608318,2867,2986,GOOGL,122.52,100
88035484613103,2742,2992,GOOGL,122.20,60
88035484615887,2738,2995,GOOGL,121.98,90
88035484618520,2738,2998,GOOGL,121.74,30
88035484618892,2735,2998,GOOGL,121.74,90
88035484621913,2744,3001,GOOGL,121.19,50
88035484624708,2744,3004,GOOGL,122.04,30
88035484625193,2880,3004,GOOGL,122.04,50
88035484628545,2880,3007,GOOGL,121.38,90
88035484629031,2729,3007,GOOGL,121.38,20
88035484632257,2729,3010,GOOGL,121.25,110
88035484632649,2988,3010,GOOGL,121.25,30
88035484636122,2988,3013,GOOGL,121.56,70
88035484639070,2988,3016,GOOGL,122.18,20
88035484639496,2882,3016,GOOGL,122.18,60
88035484640218,2748,3016,GOOGL,122.18,20
88035484643643,2748,3019,GOOGL,122.13,100
88035484644198,2987,3019,GOOGL,122.13,30
88035484647151,2987,3022,GOOGL,121.70,60
88035484650143,2987,3025,GOOGL,121.67,20
88035484650606,2745,3025,GOOGL,121.67,70
88035484653472,2745,3028,GOOGL,121.86,20
88035484653861,2883,3028,GOOGL,121.86,70
88035484654380,2985,3028,GOOGL,121.86,30
88035484657432,2985,3031,GOOGL,122.23,50
88035484660441,2985,3034,GOOGL,121.64,10
88035484660960,2721,3034,GOOGL,121.64,20
88035484661455,2930,3034,GOOGL,121.64,50
88035484664498,2930,3037,GOOGL,121.72,90
88035484664903,2879,3037,GOOGL,121.72,20
88035484667778,2879,3040,GOOGL,121.41,110
88035484668512,2990,3040,GOOGL,121.41,30
88035484671404,2990,3043,GOOGL,121.34,70
88035484674323,2990,3046,GOOGL,121.54,40
88035484674707,2730,3046,GOOGL,121.54,60
88035484677618,2730,3049,GOOGL,120.78,80
88035484677981,2747,3049,GOOGL,120.78,50
88035484681153,2747,3052,GOOGL,120.34,60
88035484684160,2933,3055,GOOGL,120.56,70
88035484684608,2885,3055,GOOGL,120.56,20
88035484687658,2885,3058,GOOGL,120.48,70
88035484688049,2925,3058,GOOGL,120.48,50
88035484690965,2925,3061,GOOGL,120.28,40
88035484691468,2922,3061,GOOGL,120.28,10
88035484694202,2922,3064,GOOGL,120.81,50
88035484694526,2991,3064,GOOGL,120.81,30
88035484698057,2991,3067,GOOGL,121.25,20
88035484698466,2981,3067,GOOGL,121.25,50
88035484699098,2921,3067,GOOGL,121.25,40
88035484702124,2921,3070,GOOGL,121.23,10
88035484702550,2928,3070,GOOGL,121.23,120
88035484703177,2733,3070,GOOGL,121.23,10
88035484706864,2733,3073,GOOGL,121.07,60
88035484707310,2892,3073,GOOGL,121.07,10
88035484717947,2892,3076,GOOGL,121.24,50
88035484718438,3015,3076,GOOGL,121.24,50
88035484721918,3015,3079,GOOGL,121.13,40
88035484722509,2717,3079,GOOGL,121.13,20
88035484723245,2915,3079,GOOGL,121.13,70
88035484726587,2915,3082,GOOGL,121.17,20
88035484726993,2886,3082,GOOGL,121.17,40
88035484730279,2886,3085,GOOGL,121.29,60
88035484730649,2984,3085,GOOGL,121.29,30
88035484734107,2984,3088,GOOGL,120.59,50
88035484734419,2996,3088,GOOGL,120.59,70
88035484738017,2996,3091,GOOGL,120.39,30
88035484738552,2924,3091,GOOGL,120.39,20
88035484741714,2924,3094,GOOGL,119.89,60
88035484742317,2732,3094,GOOGL,119.89,20
88035484745865,2732,3097,GOOGL,120.66,40
88035484746624,2994,3097,GOOGL,120.66,70
88035484749983,2994,3100,GOOGL,121.22,10
88035484750352,2894,3100,GOOGL,121.22,80
88035484751017,2895,3100,GOOGL,121.22,50
88035484754617,2895,3103,GOOGL,121.37,40
88035484755071,2270,3103,GOOGL,121.37,30
88035484758295,2343,3106,GOOGL,121.62,70
88035484758884,3029,3106,GOOGL,121.62,30
88035484762577,3029,3109,GOOGL,120.56,100
88035484763093,2406,3109,GOOGL,120.56,30
88035484766411,2406,3112,GOOGL,120.42,60
88035484769402,2406,3115,GOOGL,121.16,10
88035484769829,2934,3115,GOOGL,121.16,80
88035484772943,2631,3118,GOOGL,120.01,50
88035484773517,2982,3118,GOOGL,120.01,60
88035484774174,2154,3118,GOOGL,120.01,10
88035484777238,2154,3121,GOOGL,119.38,50
88035484780765,2154,3124,GOOGL,119.63,20
88035484781243,2718,3124,GOOGL,119.63,60
88035484784580,2718,3127,GOOGL,120.10,60
88035484785099,2628,3127,GOOGL,120.10,50
88035484788572,2628,3130,GOOGL,120.02,70
88035484789493,2615,3130,GOOGL,120.02,70
88035484792771,2615,3133,GOOGL,119.81,20
88035484793388,2396,3133,GOOGL,119.81,50
88035484796625,2396,3136,GOOGL,120.21,50
88035484797604,2927,3136,GOOGL,120.21,50
88035484800939,2927,3139,GOOGL,119.67,60
88035484801782,2261,3139,GOOGL,119.67,50
88035484802683,2267,3139,GOOGL,119.67,20
88035484806119,2267,3142,GOOGL,119.71,60
88035484809167,2267,3145,GOOGL,119.48,30
88035484809698,2634,3145,GOOGL,119.48,60
88035484813431,2634,3148,GOOGL,120.42,20
88035484813971,2919,3148,GOOGL,120.42,100
88035484817601,2919,3151,GOOGL,120.31,30
88035484818084,3017,3151,GOOGL,120.31,20
88035484821377,3017,3154,GOOGL,120.35,80
88035484823960,3017,3157,GOOGL,120.96,10
88035484824517,2616,3157,GOOGL,120.96,100
88035484827771,2339,3160,GOOGL,120.49,130
88035484828229,3030,3160,GOOGL,120.49,10
88035484831170,3030,3163,GOOGL,120.42,70
88035484833674,3030,3166,GOOGL,120.56,60
88035484834080,2970,3166,GOOGL,120.56,40
88035484837480,2970,3169,GOOGL,120.38,100
88035484837958,2694,3169,GOOGL,120.38,30
88035486420111,2694,3172,GOOGL,120.64,50
88035486420878,2999,3172,GOOGL,120.64,10
88035486425467,2999,3175,GOOGL,120.69,90
88035486428120,2999,3178,GOOGL,120.54,30
88035486428621,2637,3178,GOOGL,120.54,90
88035486431924,2637,3181,GOOGL,120.31,20
88035486432145,2571,3181,GOOGL,120.31,30
88035486434275,2571,3184,GOOGL,120.66,20
88035486435224,2630,3184,GOOGL,120.66,60
88035486438518,2630,3187,GOOGL,120.91,80
88035486438927,2153,3187,GOOGL,120.91,30
88035486441411,2153,3190,GOOGL,120.60,40
88035486441751,2096,3190,GOOGL,120.60,70
88035486442170,2651,3190,GOOGL,120.60,30
88035486444459,2651,3193,GOOGL,120.27,20
88035486444841,2715,3193,GOOGL,120.27,50
88035486448611,2715,3196,GOOGL,119.66,40
88035486449092,2918,3196,GOOGL,119.66,60
88035486451979,2918,3199,GOOGL,119.56,60
88035486452599,2568,3199,GOOGL,119.56,70
88035486455717,2568,3202,GOOGL,119.41,50
88035486456244,2652,3202,GOOGL,119.41,10
88035487438729,2652,3205,GOOGL,119.73,50
88035487456898,3020,3205,GOOGL,119.73,40
88035487468386,3020,3208,GOOGL,120.17,100
88035487469502,2414,3208,GOOGL,120.17,20
88035487473847,2414,3211,GOOGL,120.08,50
88035487478040,2414,3214,GOOGL,119.95,10
88035487478826,3014,3214,GOOGL,119.95,70
88035487482780,3014,3217,GOOGL,118.89,10
88035487483617,2888,3217,GOOGL,118.89,100
88035487487165,2888,3220,GOOGL,119.89,20
88035487488002,2604,3220,GOOGL,119.89,80
88035487488954,3033,3220,GOOGL,119.89,40
88035487492792,3033,3223,GOOGL,119.60,30
88035487493374,2409,3223,GOOGL,119.60,40
88035487496187,2409,3226,GOOGL,120.13,90
88035487496936,2912,3226,GOOGL,120.13,10
88035487499966,2912,3229,GOOGL,119.80,50
88035487500532,3032,3229,GOOGL,119.80,60
88035487508038,2891,3229,GOOGL,119.80,20
88035487511559,2891,3232,GOOGL,119.30,30
88035487512368,2573,3232,GOOGL,119.30,30
88035487515048,2573,3235,GOOGL,120.16,40
88035487515755,2654,3235,GOOGL,120.16,50
88035487518872,2654,3238,GOOGL,119.76,30
88035487519685,2997,3238,GOOGL,119.76,90
88035487522981,2997,3241,GOOGL,119.99,20
88035487523724,2976,3241,GOOGL,119.99,30
88035487527037,2976,3244,GOOGL,120.02,70
88035487527481,2916,3244,GOOGL,120.02,10
88035487531468,2916,3247,GOOGL,120.54,90
88035487532171,2913,3247,GOOGL,120.54,20
88035487540164,2913,3250,GOOGL,120.02,50
88035487540652,2099,3250,GOOGL,120.02,90
88035487543447,2099,3253,GOOGL,120.04,40
88035487544025,2903,3253,GOOGL,120.04,30
88035487546590,2903,3256,GOOGL,119.52,40
88035487547222,3026,3256,GOOGL,119.52,60
88035487549974,3026,3259,GOOGL,118.87,40
88035487550423,2603,3259,GOOGL,118.87,70
88035487551101,2993,3259,GOOGL,118.87,20
88035487554747,2993,3262,GOOGL,119.33,50
88035487555190,3021,3262,GOOGL,119.33,10
88035487558991,3021,3265,GOOGL,119.14,40
88035487559923,2696,3265,GOOGL,119.14,50
88035487578604,2696,3268,GOOGL,118.75,50
88035487579423,2340,3268,GOOGL,118.75,70
88035487582743,2340,3271,GOOGL,118.75,50
88035487586023,2340,3274,GOOGL,118.95,20
88035487586902,2610,3274,GOOGL,118.95,60
88035487590092,2610,3277,GOOGL,119.39,80
88035487591051,3102,3277,GOOGL,119.39,30
88035487594424,3102,3280,GOOGL,118.78,30
88035487595035,2336,3280,GOOGL,118.78,100
88035487595726,2697,3280,GOOGL,118.78,10
88035487599118,2697,3283,GOOGL,118.65,70
88035487601719,2697,3286,GOOGL,118.20,30
88035487602306,3018,3286,GOOGL,118.20,70
88035487605070,3018,3289,GOOGL,119.12,50
88035487605672,2702,3289,GOOGL,119.12,60
88035487606411,2936,3289,GOOGL,119.12,20
88035487609498,2936,3292,GOOGL,118.34,60
88035487612702,2936,3295,GOOGL,119.16,20
88035487613179,2268,3295,GOOGL,119.16,70
88035487616456,2268,3298,GOOGL,119.23,50
88035487617557,2619,3298,GOOGL,119.23,70
88035487620584,2619,3301,GOOGL,120.02,50
88035487623658,2619,3304,GOOGL,120.39,10
88035487624096,2400,3304,GOOGL,120.39,70
88035487627949,2400,3307,GOOGL,120.70,70
88035487628505,2972,3307,GOOGL,120.70,40
88035487631594,2972,3310,GOOGL,120.52,20
88035487632239,2411,3310,GOOGL,120.52,50
88035487633035,2624,3310,GOOGL,120.52,70
88035487636457,2624,3313,GOOGL,120.96,10
88035487636859,2640,3313,GOOGL,120.96,60
88035487645547,2640,3316,GOOGL,120.73,80
88035487646195,3024,3316,GOOGL,120.73,20
88035487650070,3024,3319,GOOGL,120.66,60
88035487650692,2415,3319,GOOGL,120.66,70
88035487654070,2415,3322,GOOGL,121.16,20
88035487654569,3012,3322,GOOGL,121.16,40
88035487657908,3012,3325,GOOGL,121.09,20
88035487658589,2627,3325,GOOGL,121.09,70
88035487661908,2627,3328,GOOGL,121.09,40
88035487662581,2397,3328,GOOGL,121.09,80
88035487666205,3332,3331,GOOGL,122.14,50
88035487670874,3332,3334,GOOGL,121.91,10
88035487671235,3333,3334,GOOGL,121.91,70
88035487674828,3338,3337,GOOGL,122.13,110
88035487678124,3342,3340,GOOGL,122.58,60
88035487680867,3345,3343,GOOGL,122.52,70
88035487682108,3345,3346,GOOGL,122.28,20
88035487682503,3341,3346,GOOGL,122.28,50
88035487683059,3339,3346,GOOGL,122.28,30
88035487686457,3348,3349,GOOGL,122.11,120
88035487686834,3339,3349,GOOGL,122.11,10
88035487689760,3351,3352,GOOGL,122.35,50
88035487690197,3339,3352,GOOGL,122.35,10
88035487696240,3356,3340,GOOGL,122.58,80
88035487696768,3356,3355,GOOGL,122.65,20
88035487697991,3357,3355,GOOGL,122.65,70
88035487698464,3357,2989,GOOGL,123.26,40
88035487700576,3359,2989,GOOGL,123.26,90
88035487700994,3359,3358,GOOGL,123.76,40
88035487702828,3360,3361,GOOGL,123.22,50
88035487705038,3360,3364,GOOGL,123.44,80
88035487707177,3365,3367,GOOGL,123.43,90
88035487707483,3360,3367,GOOGL,123.43,10
88035487708662,3368,3367,GOOGL,123.43,10
88035487709767,3369,3358,GOOGL,123.76,80
88035487711005,3369,3370,GOOGL,123.77,50
88035487713451,3368,3373,GOOGL,122.56,70
88035487718717,3368,3376,GOOGL,121.33,40
88035487719062,3371,3376,GOOGL,121.33,50
88035487719554,3366,3376,GOOGL,121.33,10
88035487723669,3366,3379,GOOGL,120.50,90
88035487724015,3363,3379,GOOGL,120.50,40
88035487727060,3363,3382,GOOGL,120.65,30
88035487727448,3372,3382,GOOGL,120.65,30
88035487731286,3372,3385,GOOGL,121.17,30
88035487731691,3362,3385,GOOGL,121.17,60
88035487734680,3354,3388,GOOGL,120.33,80
88035487735073,3353,3388,GOOGL,120.33,40
88035487738801,3353,3391,GOOGL,120.07,30
88035487739125,3339,3391,GOOGL,120.07,20
88035487742397,3339,3394,GOOGL,119.52,60
88035487742791,3338,3394,GOOGL,119.52,10
88035487743471,3344,3394,GOOGL,119.52,10
88035487749064,3344,3397,GOOGL,119.37,70
88035487749516,3350,3397,GOOGL,119.37,40
88035487799304,3350,3400,GOOGL,119.57,100
88035487799784,3347,3400,GOOGL,119.57,40
88035487803007,3347,3403,GOOGL,119.88,70
88035487805929,3374,3406,GOOGL,119.68,80
88035487806314,3330,3406,GOOGL,119.68,20
88035487808808,3330,3409,GOOGL,119.46,120
88035487809043,3375,3409,GOOGL,119.46,10
88035487811501,3375,3412,GOOGL,119.36,60
88035487813687,3375,3415,GOOGL,119.13,20
88035487814345,2397,3415,GOOGL,119.13,30
88035487814865,2612,3415,GOOGL,119.13,40
88035487817398,2612,3418,GOOGL,119.25,20
88035487817868,2973,3418,GOOGL,119.25,70
88035487818261,2969,3418,GOOGL,119.25,30
88035487820487,2969,3421,GOOGL,119.46,50
88035487822780,2969,3424,GOOGL,119.42,50
88035487823261,2706,3424,GOOGL,119.42,30
88035487825631,2706,3427,GOOGL,120.41,70
88035487826050,3336,3427,GOOGL,120.41,40
88035487828842,3336,3430,GOOGL,119.60,60
88035487829565,2633,3430,GOOGL,119.60,70
88035487829981,3003,3430,GOOGL,119.60,10
88035487832683,3003,3433,GOOGL,119.32,60
88035487833166,2657,3433,GOOGL,119.32,10
88035487835626,2657,3436,GOOGL,119.90,100
88035487886007,2567,3439,GOOGL,120.64,110
88035487892002,3036,3439,GOOGL,120.64,20
88035487904923,3036,3442,GOOGL,120.57,60
88035487907250,3036,3445,GOOGL,120.88,20
88035487907633,2975,3445,GOOGL,120.88,70
88035487910275,2975,3448,GOOGL,121.01,20
88035487911077,2937,3448,GOOGL,121.01,100
88035487913565,2937,3451,GOOGL,120.92,10
88035487913918,2693,3451,GOOGL,120.92,40
88035487916242,2693,3454,GOOGL,120.54,30
88035487916737,2889,3454,GOOGL,120.54,50
88035487918931,2889,3457,GOOGL,120.82,80
88035487919435,2625,3457,GOOGL,120.82,30
88035487921812,2625,3460,GOOGL,121.37,60
88035487922221,2979,3460,GOOGL,121.37,80
88035487925121,3464,3463,GOOGL,121.73,70
88035487927946,3468,3466,GOOGL,122.58,100
88035487928880,3468,3469,GOOGL,122.33,20
88035487929167,3467,3469,GOOGL,122.33,110
88035487931367,3470,3472,GOOGL,122.03,60
88035487933314,3470,3475,GOOGL,122.20,80
88035487933598,3465,3475,GOOGL,122.20,10
88035487935702,3477,3478,GOOGL,122.57,110
88035487935971,3476,3478,GOOGL,122.57,10
88035487938099,3476,3481,GOOGL,122.06,50
88035487940401,3485,3484,GOOGL,122.92,80
88035487942282,3488,3487,GOOGL,123.66,110
88035487942608,3488,3370,GOOGL,123.77,10
88035487943656,3489,3370,GOOGL,123.77,80
88035487946560,3494,3493,GOOGL,124.56,70
88035487946846,3494,3490,GOOGL,124.85,10
88035487948358,3495,3496,GOOGL,124.44,90
88035487949262,3497,3496,GOOGL,124.44,10
88035487951156,3500,3499,GOOGL,124.73,130
88035487951375,3500,3490,GOOGL,124.85,10
88035487952269,3501,3490,GOOGL,124.85,50
88035487953510,3503,3490,GOOGL,124.85,70
88035487954954,3497,3505,GOOGL,124.09,90
88035487956861,3497,3508,GOOGL,123.70,10
88035487957208,3498,3508,GOOGL,123.70,110
88035487959290,3498,3511,GOOGL,123.60,10
88035487959560,3504,3511,GOOGL,123.60,40
88035487961725,3504,3514,GOOGL,123.55,40
88035487962021,3489,3514,GOOGL,123.55,40
88035487964093,3489,3517,GOOGL,123.70,10
88035487964427,3491,3517,GOOGL,123.70,50
88035487964794,3492,3517,GOOGL,123.70,50
88035487966902,3492,3520,GOOGL,123.63,10
88035487967203,3512,3520,GOOGL,123.63,60
88035487967553,3507,3520,GOOGL,123.63,70
88035487969708,3521,3523,GOOGL,123.81,50
88035487969966,3507,3523,GOOGL,123.81,20
88035487972076,3525,3526,GOOGL,124.16,90
88035487972985,3527,3526,GOOGL,124.16,10
88035488001834,3531,3529,GOOGL,124.69,50
88035488005521,3530,3535,GOOGL,123.83,90
88035488008498,3530,3538,GOOGL,123.99,50
88035488008916,3527,3538,GOOGL,123.99,70
88035488096969,3527,3544,GOOGL,123.95,30
88035488097549,3533,3544,GOOGL,123.95,50
88035488101299,3533,3547,GOOGL,123.02,20
88035488101652,3528,3547,GOOGL,123.02,90
88035488103908,3528,3550,GOOGL,123.24,30
88035488104324,3524,3550,GOOGL,123.24,80
88035488104780,3543,3550,GOOGL,123.24,30
88035488107151,3543,3553,GOOGL,122.78,40
88035488107629,3542,3553,GOOGL,122.78,30
88035488109814,3542,3556,GOOGL,122.16,30
88035488110086,3539,3556,GOOGL,122.16,70
88035488112183,3539,3559,GOOGL,121.94,60
88035488112475,3540,3559,GOOGL,121.94,70
88035488114479,3540,3562,GOOGL,122.50,60
88035488116445,3540,3565,GOOGL,122.02,10
88035488116821,3534,3565,GOOGL,122.02,80
88035488124573,3507,3568,GOOGL,121.75,20
88035488124807,3519,3568,GOOGL,121.75,100
88035488126823,3519,3571,GOOGL,121.91,30
88035488127100,3536,3571,GOOGL,121.91,20
88035488129246,3536,3574,GOOGL,122.16,80
88035488131261,3518,3577,GOOGL,122.17,110
88035488133215,3518,3580,GOOGL,122.02,10
88035488133545,3506,3580,GOOGL,122.02,100
88035488133914,3545,3580,GOOGL,122.02,30
88035488136088,3545,3583,GOOGL,122.69,60
88035488136408,3522,3583,GOOGL,122.69,10
88035488144101,3522,3586,GOOGL,122.79,50
88035488144377,3509,3586,GOOGL,122.79,50
88035488146508,3509,3589,GOOGL,122.19,80
88035488146894,3513,3589,GOOGL,122.19,50
88035488148878,3513,3592,GOOGL,122.72,20
88035488149138,3537,3592,GOOGL,122.72,40
88035488150952,3537,3595,GOOGL,122.71,70
88035488151316,3516,3595,GOOGL,122.71,20
88035488153129,3516,3598,GOOGL,122.86,80
88035488153397,3510,3598,GOOGL,122.86,40
88035488155311,3510,3601,GOOGL,122.60,50
88035488160939,3510,3604,GOOGL,121.93,50
88035488161230,3548,3604,GOOGL,121.93,30
88035488163586,3548,3607,GOOGL,121.36,90
88035488163926,3515,3607,GOOGL,121.36,20
88035488165877,3515,3610,GOOGL,121.61,70
88035488166134,3551,3610,GOOGL,121.61,50
88035488166550,3546,3610,GOOGL,121.61,20
88035488169453,3546,3613,GOOGL,121.07,70
88035488175690,3546,3616,GOOGL,121.03,10
88035488175971,3486,3616,GOOGL,121.03,90
88035488178329,3486,3619,GOOGL,121.79,10
88035488178564,3594,3619,GOOGL,121.79,80
88035488178884,3485,3619,GOOGL,121.79,10
88035488179242,3549,3619,GOOGL,121.79,30
88035488183165,3549,3622,GOOGL,121.13,60
88035488185293,3549,3625,GOOGL,121.63,40
88035488185536,3552,3625,GOOGL,121.63,50
88035488187510,3552,3628,GOOGL,122.06,10
88035488187822,3599,3628,GOOGL,122.06,110
88035488189786,3599,3631,GOOGL,122.32,20
88035488190059,3596,3631,GOOGL,122.32,30
88035488192014,3596,3634,GOOGL,122.23,70
88035488192275,3597,3634,GOOGL,122.23,10
88035488194252,3597,3637,GOOGL,121.72,100
88035488194487,3593,3637,GOOGL,121.72,10
88035488196420,3593,3640,GOOGL,122.74,60
88035488198504,3587,3643,GOOGL,122.23,70
88035488202526,3587,3646,GOOGL,121.81,40
88035488202834,3476,3646,GOOGL,121.81,40
88035488203127,3588,3646,GOOGL,121.81,20
88035488205136,3588,3649,GOOGL,122.22,100
88035488205379,3641,3649,GOOGL,122.22,30
88035488207530,3641,3652,GOOGL,121.62,20
88035488207778,3554,3652,GOOGL,121.62,40
88035488209813,3554,3655,GOOGL,122.56,40
88035488210073,3600,3655,GOOGL,122.56,50
88035488212022,3600,3658,GOOGL,122.39,90
88035488212250,3573,3658,GOOGL,122.39,30
88035488213369,3659,3640,GOOGL,122.74,80
88035488214937,3659,3661,GOOGL,122.62,50
88035488216852,3663,3664,GOOGL,123.09,70
88035488220893,3668,3664,GOOGL,123.09,10
88035488221225,3668,3667,GOOGL,123.17,110
88035488223235,3671,3670,GOOGL,123.69,50
88035488224112,3672,3670,GOOGL,123.69,60
88035488225356,3674,3673,GOOGL,123.65,70
88035488225635,3674,3670,GOOGL,123.69,10
88035488226626,3675,3670,GOOGL,123.69,20
88035488228166,3677,3541,GOOGL,124.35,50
88035488228458,3677,3676,GOOGL,124.47,60
88035488229459,3678,3676,GOOGL,124.47,40
88035488234752,3678,3679,GOOGL,124.35,80
88035488235742,3680,3679,GOOGL,124.35,50
88035488236048,3680,3532,GOOGL,124.52,60
88035488236503,3680,3529,GOOGL,124.69,30
88035488238564,3683,3529,GOOGL,124.69,50
88035488238894,3683,3682,GOOGL,124.90,20
88035488239902,3684,3682,GOOGL,124.90,40
88035488240204,3684,3502,GOOGL,125.17,40
88035488241618,3686,3685,GOOGL,125.10,90
88035488244972,3686,3688,GOOGL,124.67,10
88035488245258,3687,3688,GOOGL,124.67,110
88035488248930,3692,3694,GOOGL,124.11,60
88035488249178,3690,3694,GOOGL,124.11,20
88035488251630,3698,3697,GOOGL,124.70,110
88035488251871,3698,3691,GOOGL,124.98,10
88035488252866,3699,3691,GOOGL,124.98,40
88035488253089,3699,3502,GOOGL,125.17,20
88035488254595,3701,3700,GOOGL,125.47,50
88035488255287,3702,3700,GOOGL,125.47,60
88035488256518,3704,3700,GOOGL,125.47,30
88035488256834,3704,3703,GOOGL,125.91,50
88035488258282,3705,3706,GOOGL,125.12,90
88035488258569,3699,3706,GOOGL,125.12,10
88035488262915,3699,3709,GOOGL,124.99,60
88035488263190,3707,3709,GOOGL,124.99,70
88035488265250,3707,3712,GOOGL,124.64,40
88035488265466,3708,3712,GOOGL,124.64,20
88035488267377,3708,3715,GOOGL,124.56,90
88035488269165,3708,3718,GOOGL,124.21,10
88035488269416,3710,3718,GOOGL,124.21,110
88035488271476,3710,3721,GOOGL,124.05,30
88035488271753,3690,3721,GOOGL,124.05,20
88035488273689,3690,3724,GOOGL,124.33,80
88035488275980,3728,3727,GOOGL,124.79,110
88035488279937,3731,3730,GOOGL,125.11,50
88035488280674,3732,3730,GOOGL,125.11,60
88035488281863,3734,3730,GOOGL,125.11,30
88035488282131,3734,3733,GOOGL,125.22,50
88035488283553,3729,3736,GOOGL,124.75,100
88035488285307,3729,3739,GOOGL,123.86,30
88035488285518,3735,3739,GOOGL,123.86,90
88035488285815,3728,3739,GOOGL,123.86,10
88035488287999,3690,3742,GOOGL,122.90,20
88035488288306,3711,3742,GOOGL,122.90,40
88035488290322,3711,3745,GOOGL,123.04,10
88035488290597,3696,3745,GOOGL,123.04,80
88035488292582,3696,3748,GOOGL,122.33,20
88035488292861,3717,3748,GOOGL,122.33,100
88035488294732,3717,3751,GOOGL,122.35,10
88035488294960,3681,3751,GOOGL,122.35,40
88035488298863,3681,3754,GOOGL,122.19,10
88035488299199,3693,3754,GOOGL,122.19,70
88035488301250,3737,3757,GOOGL,122.60,110
88035488303186,3726,3760,GOOGL,121.88,100
88035488303411,3695,3760,GOOGL,121.88,40
88035488305535,3695,3763,GOOGL,122.31,50
88035488305797,3722,3763,GOOGL,122.31,20
88035488307770,3722,3766,GOOGL,121.94,40
88035488308038,3714,3766,GOOGL,121.94,60
88035488309967,3714,3769,GOOGL,121.17,20
88035488310199,3725,3769,GOOGL,121.17,90
88035488310583,3723,3769,GOOGL,121.17,20
88035488312721,3723,3772,GOOGL,121.81,50
88035488313002,3689,3772,GOOGL,121.81,10
88035488317145,3689,3775,GOOGL,121.99,90
88035488319227,3689,3778,GOOGL,121.60,30
88035488319445,3738,3778,GOOGL,121.60,90
88035488321388,3738,3781,GOOGL,122.11,30
88035488321640,3713,3781,GOOGL,122.11,20
88035488323869,3713,3784,GOOGL,121.49,50
88035488324089,3716,3784,GOOGL,121.49,30
88035488326274,3716,3787,GOOGL,121.29,70
88035488326531,3675,3787,GOOGL,121.29,40
88035488328649,3675,3790,GOOGL,121.98,30
88035488328934,3719,3790,GOOGL,121.98,110
88035488330916,3719,3793,GOOGL,121.43,20
88035488331204,3720,3793,GOOGL,121.43,50
88035488335632,3720,3796,GOOGL,121.30,90
88035488335957,3744,3796,GOOGL,121.30,10
88035488337982,3744,3799,GOOGL,121.53,70
88035488338238,3669,3799,GOOGL,121.53,60
88035488340557,3669,3802,GOOGL,120.79,60
88035488342718,3669,3805,GOOGL,120.77,10
88035488342952,3741,3805,GOOGL,120.77,50
88035488343214,3740,3805,GOOGL,120.77,30
88035488345709,3740,3808,GOOGL,121.98,110
88035488346036,3743,3808,GOOGL,121.98,10
88035488348073,3743,3811,GOOGL,121.72,50
88035488349915,3743,3814,GOOGL,122.02,10
88035488350111,3746,3814,GOOGL,122.02,70
88035488353865,3746,3817,GOOGL,122.29,30
88035488354127,3666,3817,GOOGL,122.29,80
88035488356172,3666,3820,GOOGL,122.54,20
88035488356398,3662,3820,GOOGL,122.54,60
88035488356745,3747,3820,GOOGL,122.54,60
88035488359835,3825,3823,GOOGL,122.78,70
88035488361746,3828,3826,GOOGL,122.92,100
88035488362644,3828,3829,GOOGL,122.87,20
88035488362900,3825,3829,GOOGL,122.87,20
88035488363821,3830,3829,GOOGL,122.87,90
88035488365192,3831,3832,GOOGL,123.30,50
88035488366052,3833,3832,GOOGL,123.30,10
88035488367838,3836,3835,GOOGL,124.02,90
88035488370869,3836,3838,GOOGL,123.61,10
88035488371130,3834,3838,GOOGL,123.61,80
88035488371475,3837,3838,GOOGL,123.61,30
88035488376284,3842,3841,GOOGL,124.21,50
88035488377762,3842,3844,GOOGL,123.66,10
88035488378035,3839,3844,GOOGL,123.66,70
88035488380683,3848,3847,GOOGL,124.55,110
88035488382025,3848,3850,GOOGL,124.82,10
88035488383292,3852,3850,GOOGL,124.82,60
88035488383991,3851,3853,GOOGL,124.65,50
88035488384795,3854,3853,GOOGL,124.65,20
88035488385014,3854,3850,GOOGL,124.82,60
88035488385932,3855,3850,GOOGL,124.82,10
88035488386722,3855,3856,GOOGL,124.72,80
88035488387475,3857,3856,GOOGL,124.72,20
88035488388267,3858,3733,GOOGL,125.22,20
88035488391382,3860,3859,GOOGL,125.84,130
88035488393736,3864,3703,GOOGL,125.91,20
88035488394522,3864,3865,GOOGL,125.54,60
88035488394776,3860,3865,GOOGL,125.54,10
88035488395079,3863,3865,GOOGL,125.54,20
88035488397244,3863,3868,GOOGL,125.61,50
88035488398071,3869,3868,GOOGL,125.61,70
88035488398327,3869,3862,GOOGL,125.97,60
88035488401284,3872,3874,GOOGL,125.88,60
88035488402085,3875,3874,GOOGL,125.88,20
88035488403366,3875,3877,GOOGL,125.38,70
88035488403572,3870,3877,GOOGL,125.38,40
88035488407830,3881,3880,GOOGL,125.88,50
88035488408565,3882,3880,GOOGL,125.88,60
88035488409811,3884,3880,GOOGL,125.88,30
88035488410035,3884,3871,GOOGL,125.98,50
88035488410985,3885,3883,GOOGL,126.66,70
88035488413486,3887,3889,GOOGL,126.56,110
88035488413750,3885,3889,GOOGL,126.56,20
88035488415772,3888,3892,GOOGL,125.98,60
88035488417507,3888,3895,GOOGL,125.80,60
88035488417706,3894,3895,GOOGL,125.80,30
88035488423257,3902,3898,GOOGL,126.45,60
88035488424024,3903,3898,GOOGL,126.45,60
88035488424288,3903,3901,GOOGL,126.55,10
88035488425691,3905,3901,GOOGL,126.55,40
88035488425961,3905,3886,GOOGL,126.81,50
88035488426943,3906,3886,GOOGL,126.81,50
88035488427827,3906,3907,GOOGL,126.98,50
88035488428603,3908,3907,GOOGL,126.98,60
